                  ---- COMMENTS may be placed outside the @ENTRYTYPE{ ... } stuctures
---- CSS guidelines

---- Every journal article citation should include the DOI, assuming one exists.
---- All URLs for CMS notes, ANs, etc, should refer to the CDS server, not the CMS server. Use our standard format for them, as shown below.
----  CMS Notes not available on CDS are regarded as private and may not be cited.
----  CMS physics papers (i.e., those intended for publication in journals) may reference only POG PASs, not PAG PASs.
---- For papers by collaborations, list the collaboration in the COLLABOROATION field and put the first author and "and others" in the AUTHOR field.
----  If only the collaboration is listed as the author, put "{XXX Collaboration}" under AUTHOR.
----  Note that we automatically replace the AUTHOR field with the collaboration name for ATLAS, CMS, LHCb, and ATLAS at submission time. Please don't remove the
----  "First Author and others" in the AUTHOR field.
---- Other items:
----   PAGES: Please only list the first page, not the range.
----   ISSUE: Please do not include in most cases.
----   URL: Do not include this field if a DOI is available.
---- Number of authors to list:
----   PRL requests that we include all authors up to fifteen except for large collaborations, and we take this as our internal guide as well. If there
----   are more than fifteen, just list the first author + "and others", as above.
----   The individual journal bib style file (theirs, ours, PLB, etc.) will truncate at the appropriate point. We have ours set to _1_ for more than four.
---- Use only the URL field instead of embedding an href.
---- A reference only published on the arXiv should be listed as UNPUBLISHED (with a note "Submitted to XXX" for large collaboration papers).
----   Experimental papers only on the arXiv and not submitted for publication may not be cited.
---- Some journals will lowercase the title: use {} to protect words which must be capitalized, e.g., {LHC}, {TeV}, {CERN}, {CMS}.
----  Do not escape the entire title as it will then clash with the journal style.
---- Journal names: the journals generally include the series in the journal name, "Physical Review D", vol 5, rather than PR D5
---- >>> Please use the --preview option with the tdr script to perform a simple-minded reference check before uploading.
%
%
%    Many commonly cited papers are available under svn+ssh://svn.cern.ch/reps/tdr/utils/branches/dev/general/gen.bib and utils/trunk/higgs.bin.

%
% Notes hosted only on CDS are listed as TECHREPORTs.
%
%% Herwigpp UE Tune

@TECHREPORT{Eikojsubcluster,
     AUTHOR       = "{Shin-Shan Yu}",
     TITLE        = "Study of jet substructure variables with calo clusters",
     URL          = "https://github.com/syuvivida/VHEPP_figures/blob/master/jet_substructure/Binder2.pdf",
     TYPE         = "github",
     YEAR         = "2017"
     }

@TECHREPORT{EikoCode,
     AUTHOR       = "{Shin-Shan Yu}",
     TITLE        = "Analysis framework for Run 2",
     URL          = "https://github.com/syuvivida/DMAnaRun2",
     TYPE         = "github",
     YEAR         = "2017"
     }


@TECHREPORT{EikoStudyMonoH,
     AUTHOR       = "{Shin-Shan Yu}",
     TITLE        = "Study of mono-Higgs model",
     URL       = "https://github.com/syuvivida/darkmatter_figures/tree/master/monoH",
     TYPE      = "github",
     YEAR         = "2016"
     }

@TECHREPORT{shuxiao,
     AUTHOR       = "{Shu-Xiao Liu}",
     TITLE        = "Cross-check of ATLAS and CMS Z'-2HDM cross sections",
     URL          = "https://gitlab.cern.ch/lhc-dmwg-material/cross_section-repository/blob/master/EW_Higgs_2HDM/CrossSections_20170619_ATLASCMS_Run1Parameters_HiggsMassesFixedToMA.txt",
     TYPE         = "gitlab",
     YEAR         = "2017"
     }

@TECHREPORT{Eiko2HDMa,
     AUTHOR       = "{Shin-Shan Yu}",
     TITLE        = "Cross-check of ATLAS and CMS 2HDM+a cross sections",
     URL          = "https://gitlab.cern.ch/lhc-dmwg-material/cross_section-repository/blob/master/2hdm+a/h+met/MG5_2.5.2_compareATLASCMS_2HDMPZ2II_ATLASsetting.txt",
     TYPE         = "gitlab",
     YEAR         = "2017"
     }




@article{2HDMa,
      author         = "Bauer, Martin and Haisch, Ulrich and Kahlhoefer, Felix",
      title          = "{Simplified dark matter models with two Higgs doublets: I. Pseudoscalar mediators}",
      journal        = "JHEP",
      volume         = "05",
      year           = "2017",
      pages          = "138",
      doi            = "10.1007/JHEP05(2017)138",
      eprint         = "1701.07427",
      archivePrefix  = "arXiv",
      primaryClass   = "hep-ph",
      reportNumber   = "CERN-TH-2017-011, DESY-17-010",
      SLACcitation   = "%%CITATION = ARXIV:1701.07427;%%"
}



@article{B2G-16-003,
      author         = "Khachatryan, Vardan and others",
      title          = "{Search for heavy resonances decaying into a vector boson
                        and a Higgs boson in final states with charged leptons,
                        neutrinos, and b quarks}",
      collaboration  = "CMS",
      journal        = "Phys. Lett.",
      volume         = "B768",
      year           = "2017",
      pages          = "137-162",
      doi            = "10.1016/j.physletb.2017.02.040",
      eprint         = "1610.08066",
      archivePrefix  = "arXiv",
      primaryClass   = "hep-ex",
      reportNumber   = "CMS-B2G-16-003, CERN-EP-2016-226",
      SLACcitation   = "%%CITATION = ARXIV:1610.08066;%%"
}

@article{Seymour:2013qka,
      author         = "Seymour, Michael H. and Siodmok, Andrzej",
      title          = "{Constraining MPI models using $\sigma_{\mathrm{eff}}$ and recent
                        Tevatron and LHC underlying event data}",
      journal        = "JHEP",
      volume         = "10",
      year           = "2013",
      pages          = "113",
      doi            = "10.1007/JHEP10(2013)113",
      eprint         = "1307.5015",
      archivePrefix  = "arXiv",
      primaryClass   = "hep-ph",
      reportNumber   = "MAN-HEP-2013-14, MCNET-13-08",
      SLACcitation   = "%%CITATION = ARXIV:1307.5015;%%"
}

@article{Gieseke:2012ft,
      author         = "Gieseke, Stefan and Rohr, Christian and Siodmok, Andrzej",
      title          = "{Colour reconnections in Herwig++}",
      journal        = "Eur. Phys. J. C",
      volume         = "72",
      year           = "2012",
      pages          = "2225",
      doi            = "10.1140/epjc/s10052-012-2225-5",
      eprint         = "1206.0041",
      archivePrefix  = "arXiv",
      primaryClass   = "hep-ph",
      reportNumber   = "MCNET-12-06, KA-TP-17-2012, MAN-HEP-2012-03",
      SLACcitation   = "%%CITATION = ARXIV:1206.0041;%%"
}


@article{herwigpp,
      author         = "Bahr, M. and others",
      title          = "{Herwig++ physics and manual}",
      journal        = "Eur. Phys. J. C",
      volume         = "58",
      year           = "2008",
      pages          = "639",
      doi            = "10.1140/epjc/s10052-008-0798-9",
      eprint         = "0803.0883",
      archivePrefix  = "arXiv",
      primaryClass   = "hep-ph",
      reportNumber   = "CERN-PH-TH-2008-038, CAVENDISH-HEP-08-03, KA-TP-05-2008,
                        DCPT-08-22, IPPP-08-11, CP3-08-05",
      SLACcitation   = "%%CITATION = ARXIV:0803.0883;%%"
}


@unpublished{Abercrombie:2015wmb,
      author         = "Abercrombie, Daniel and others",
            editor         = "Boveia, Antonio and Doglioni, Caterina and Lowette,
                        Steven and Malik, Sarah and Mrenna, Stephen",
			      title          = "{Dark matter benchmark models for early LHC Run-2
                        searches: report of the ATLAS/CMS dark matter forum}",
			      year           = "2015",
			            eprint         = "1507.00966",
				          archivePrefix  = "arXiv",
					        primaryClass   = "hep-ex",
						      reportNumber   = "FERMILAB-PUB-15-282-CD",
						            SLACcitation   = "%%CITATION = ARXIV:1507.00966;%%"
							    }

@article{CMS-PAS-HIG-14-001,
      author         = "Khachatryan, Vardan and others",
      Collaboration = "CMS",
      title          = "{Search for the associated production of a Higgs boson with a single top quark in proton-proton collisions at  $\sqrt{s} = 8\TeV$}",
      journal        = "JHEP",
      volume         = "06",
      year           = "2016",
      pages          = "177",
      doi            = "10.1007/JHEP06(2016)177",
      eprint         = "1509.08159 ",
      archivePrefix  = "arXiv",
      primaryClass   = "hep-ex"
}

@article{Chatrchyan:2013sba,
      author         = "Chatrchyan, Serguei and others",
            title          = "{The performance of the CMS muon detector in
                        proton-proton collisions at $\sqrt{s} = 7\TeV$ at the LHC}",
			      collaboration  = "CMS",
			            journal        = "JINST",
				          volume         = "8",
					        year           = "2013",
						      pages          = "P11002",
						            doi            = "10.1088/1748-0221/8/11/P11002",
							          eprint         = "1306.6905",
								        archivePrefix  = "arXiv",
									      primaryClass   = "physics.ins-det",
									            reportNumber   = "CMS-MUO-11-001, CERN-PH-EP-2013-072",
										          SLACcitation   = "%%CITATION = ARXIV:1306.6905;%%"
											  }
											  
@article{Khachatryan:2015hwa,
      author         = "Khachatryan, Vardan and others",
      title          = "{Performance of electron reconstruction and selection with the CMS detector in proton-proton collisions at $\sqrt{s} = 8\TeV$}",
      collaboration  = "CMS",
      journal        = "JINST",
      volume         = "10",
      year           = "2015",
      pages          = "P06005",
      doi            = "10.1088/1748-0221/10/06/P06005",
      eprint         = "1502.02701",
      archivePrefix  = "arXiv",	
      primaryClass   = "physics.ins-det",
      reportNumber   = "CMS-EGM-13-001, CERN-PH-EP-2015-004",
      SLACcitation   = "%%CITATION = ARXIV:1502.02701;%%"
}

@article{Li:2012wna,
      author         = "Li, Ye and Petriello, Frank",
      title          = "{Combining QCD and electroweak corrections to dilepton
                        production in FEWZ}",
      journal        = "Phys. Rev. D",
      volume         = "86",
      year           = "2012",
      pages          = "094034",
      doi            = "10.1103/PhysRevD.86.094034",
      eprint         = "1208.5967",
      archivePrefix  = "arXiv",
      primaryClass   = "hep-ph",
      reportNumber   = "ANL-HEP-PR-12-68",
      SLACcitation   = "%%CITATION = ARXIV:1208.5967;%%"                                                                                               
}

% NLO EWK corrections for V+jets                                                                                                                       

@article{Kuhn:2005gv,
      author         = "Kuhn, Johann H. and Kulesza, A. and Pozzorini, S. and
                        Schulze, M.",
      title          = "{Electroweak corrections to hadronic photon production at
                        large transverse momenta}",
      journal        = "JHEP",
      volume         = "03",
      year           = "2006",
      pages          = "059",
      doi            = "10.1088/1126-6708/2006/03/059",
      eprint         = "hep-ph/0508253",
      archivePrefix  = "arXiv",
      primaryClass   = "hep-ph",
      reportNumber   = "TTP05-16, SFB-CPP-05-44",
      SLACcitation   = "%%CITATION = HEP-PH/0508253;%%"                                                                                                
}


@article{Kallweit:2014xda,
      author         = "Kallweit, Stefan and Lindert, Jonas M. and Maierhöfer,
                        Philipp and Pozzorini, Stefano and Schönherr, Marek",
      title          = "{NLO electroweak automation and precise predictions for
                        W+multijet production at the LHC}",
      journal        = "JHEP",
      volume         = "04",
      year           = "2015",
      pages          = "012",
      doi            = "10.1007/JHEP04(2015)012",
      eprint         = "1412.5157",
      archivePrefix  = "arXiv",
      primaryClass   = "hep-ph",
      reportNumber   = "LPN14-127, IPPP-14-107, DCPT-14-214, MCNET-14-26,
                        ZU-TH-42-14, MITP-14-102, --MITP-14-102",
      SLACcitation   = "%%CITATION = ARXIV:1412.5157;%%"                                                          
}

@article{Kallweit:2015dum,
      author         = "Kallweit, Stefan and Lindert, Jonas M. and Pozzorini,
                        Stefano and Schönherr, Marek and Maierhöfer, Philipp",
      title          = "{NLO QCD+EW predictions for V+jets including off-shell
                        vector-boson decays and multijet merging}",
      journal        = "JHEP",
      volume         = "04",
      year           = "2016",
      pages          = "021",
      doi            = "10.1007/JHEP04(2016)021",
      eprint         = "1511.08692",
      archivePrefix  = "arXiv",
      primaryClass   = "hep-ph",
      reportNumber   = "DCPT-15-140, FR-PHENO-2015-014, IPPP-15-70, MCNET-15-23,
                        --MITP-15-108, ZU-TH-41-15",
      SLACcitation   = "%%CITATION = ARXIV:1511.08692;%%"                                                                                              
}


@article{TOP-11-013,
      title          = "{Measurement of differential top-quark-pair production cross sections in pp collisions at $\sqrt{s} = 7\TeV$}",
       COLLABORATION = "CMS",
      AUTHOR      = "Chatrchyan, Serguei and others",
      journal        = "Eur. Phys. J. C",
      volume         = "73",
      year           = "2013",
      number         = "3",
      pages          = "2339",
      doi            = "10.1140/epjc/s10052-013-2339-4",
      eprint         = "1211.2220",
      archivePrefix  = "arXiv",
      primaryClass   = "hep-ex",
      reportNumber   = "CMS-TOP-11-013, CERN-PH-EP-2012-322",
      SLACcitation   = "%%CITATION = ARXIV:1211.2220;%%"
}



@article{WZFirstPaper,
      author         = "Khachatryan, Vardan and others",
      title          = "{Measurements of inclusive W and Z cross sections in
                        pp collisions at $\sqrt{s}=7\TeV$}",
      collaboration  = "CMS",
      journal        = "JHEP",
      volume         = "01",
      year           = "2011",
      pages          = "080",
      doi            = "10.1007/JHEP01(2011)080",
      eprint         = "1012.2466",
      archivePrefix  = "arXiv",
      primaryClass   = "hep-ex",
      reportNumber   = "CERN-PH-EP-2010-050, CMS-EWK-10-002",
      SLACcitation   = "%%CITATION = ARXIV:1012.2466;%%"
}


@article{ATLAS-2015-PAS,
      author         = "Aaboud, Morad and others",
      title          = "{Search for dark matter in association with a Higgs boson
                        decaying to $b$-quarks in $pp$ collisions at $\sqrt{s} = 13\TeV$ with the ATLAS detector}",
      collaboration  = "ATLAS",
      journal        = "Phys. Lett. B",
      volume         = "765",
      year           = "2017",
      pages          = "11",
      doi            = "10.1016/j.physletb.2016.11.035",
      eprint         = "1609.04572",
      archivePrefix  = "arXiv",
      primaryClass   = "hep-ex",
      reportNumber   = "CERN-EP-2016-181",
      SLACcitation   = "%%CITATION = ARXIV:1609.04572;%%"
}

@article{CMS-PAS-TOP-12-027,
      author         = "Khachatryan, Vardan and others",
      title          = "{Measurement of the differential cross section for top
                        quark pair production in pp collisions at $\sqrt{s} = 8\TeV$}",
      collaboration  = "CMS",
      journal        = "Eur. Phys. J. C",
      volume         = "75",
      year           = "2015",
      number         = "11",
      pages          = "542",
      doi            = "10.1140/epjc/s10052-015-3709-x",
      eprint         = "1505.04480",
      archivePrefix  = "arXiv",
      primaryClass   = "hep-ex",
      reportNumber   = "CMS-TOP-12-028, CERN-PH-EP-2015-117",
      SLACcitation   = "%%CITATION = ARXIV:1505.04480;%%"
}

@techreport{CMS-PAS-TOP-12-028,
      title         = "{Measurement of the differential ttbar cross section in the dilepton channel at 8 TeV}",
      institution   = "CERN",
      collaboration = "CMS",
      address       = "Geneva",
      number        = "CMS-PAS-TOP-12-028",
      year          = "2013",
      reportNumber  = "CMS-PAS-TOP-12-028",
      url           = "https://cds.cern.ch/record/1523664",
}



@article{Lee:1973iz,
      author         = "Lee, T. D.",
      title          = "{A theory of spontaneous T violation}",
      journal        = "Phys. Rev. D",
      volume         = "8",
      year           = "1973",
      pages          = "1226",
      doi            = "10.1103/PhysRevD.8.1226",
      SLACcitation   = "%%CITATION = PHRVA,D8,1226;%%"
}

@unpublished{Craig:2013hca,
      author         = "Craig, Nathaniel and Galloway, Jamison and Thomas, Scott",
      title          = "{Searching for signs of the second Higgs doublet}",
      year           = "2013",
      eprint         = "1305.2424",
      archivePrefix  = "arXiv",
      primaryClass   = "hep-ph",
      reportNumber   = "RU-NHETC-2013-07",
      SLACcitation   = "%%CITATION = ARXIV:1305.2424;%%"
}



@article{Branco:2011iw,
      author         = "Branco, G. C. and Ferreira, P. M. and Lavoura, L. and Rebelo, M. N. and Sher, Marc and Silva, Joao P.",
      title          = "{Theory and phenomenology of two-Higgs-doublet models}",
      journal        = "Phys. Rept.",
      volume         = "516",
      year           = "2012",
      pages          = "1",
      doi            = "10.1016/j.physrep.2012.02.002",
      eprint         = "1106.0034",
      archivePrefix  = "arXiv",
      primaryClass   = "hep-ph",
      SLACcitation   = "%%CITATION = ARXIV:1106.0034;%%"
}


@article{CMSTauJINST,
      author         = "Khachatryan, Vardan and others",
      title          = "{Reconstruction and identification of $\tau$ lepton decays to
                        hadrons and $\nu_{\tau}$ at CMS}",
      collaboration  = "CMS",
      journal        = "JINST",
      volume         = "11",
      year           = "2016",
      number         = "01",
      pages          = "P01019",
      doi            = "10.1088/1748-0221/11/01/P01019",
      eprint         = "1510.07488",
      archivePrefix  = "arXiv",
      primaryClass   = "physics.ins-det",
      reportNumber   = "CMS-TAU-14-001, CERN-PH-EP-2015-261",
      SLACcitation   = "%%CITATION = ARXIV:1510.07488;%%"
}



@article{CMSMuonJINST,
      author         = "Chatrchyan, Serguei and others",
      title          = "{Performance of CMS muon reconstruction in pp collision
                        events at $\sqrt{s}=7\TeV$}",
      collaboration  = "CMS",
      journal        = "JINST",
      volume         = "7",
      year           = "2012",
      pages          = "P10002",
      doi            = "10.1088/1748-0221/7/10/P10002",
      eprint         = "1206.4071",
      archivePrefix  = "arXiv",
      primaryClass   = "physics.ins-det",
      reportNumber   = "CMS-MUO-10-004, CERN-PH-EP-2012-173",
      SLACcitation   = "%%CITATION = ARXIV:1206.4071;%%"
}



@article{FNAL_Review,
      author         = "Bertone, Gianfranco and Hooper, Dan and Silk, Joseph",
      title          = "{Particle dark matter: evidence, candidates and constraints}",
      journal        = "Phys. Rept.",
      volume         = "405",
      year           = "2005",
      pages          = "279",
      doi            = "10.1016/j.physrep.2004.08.031",
      eprint         = "hep-ph/0404175",
      archivePrefix  = "arXiv",
      primaryClass   = "hep-ph",
}

@techreport{ATLAS-CONF-2016-019,
      author       = "{ATLAS Collaboration}",
      title        = "Search for Dark Matter in association with a Higgs boson decaying to b-quarks in pp collisions at $\sqrt{s}$=13 TeV with the ATLAS detector",
      collaboration  = "ATLAS",
      institution  = "CERN",
      address      = "Geneva",
      number       = "ATLAS-CONF-2016-019",
      year         = "2016"
}

@article{ATLASHAA,
      author         = "Aad, Georges and others",
      title          = "{Search for dark matter in events with missing transverse momentum and a Higgs boson decaying to two photons in $\rm{pp}$ collisions at $\sqrt{s} = 8\TeV$ with the ATLAS detector}",
      collaboration  = "ATLAS",
      journal        = "Phys. Rev. Lett.",
      volume         = "115",
      year           = "2015",
      pages          = "131801",
      doi            = "10.1103/PhysRevLett.115.131801",
      eprint         = "1506.01081",
      archivePrefix  = "arXiv",
      primaryClass   = "hep-ex",
      reportNumber   = "CERN-PH-EP-2015-120",
      SLACcitation   = "%%CITATION = ARXIV:1506.01081;%%"
}

@article{ATLASHBB,
      author         = "Aad, Georges and others",
      title          = "{Search for dark matter produced in association with a Higgs boson decaying to two bottom quarks in $\rm{pp}$ collisions at $\sqrt{s} = 8\TeV$ with the ATLAS detector}",
      collaboration  = "ATLAS",
      journal          = "Phys. Rev. D",
      volume          = "93",
      year           = "2016",
      pages          = "47",
      doi          =  "10.1103/PhysRevD.93.072007",
      eprint         = "1510.06218",
      archivePrefix  = "arXiv",
      primaryClass   = "hep-ex",
      reportNumber   = "CERN-PH-EP-2015-247",
      SLACcitation   = "%%CITATION = ARXIV:1510.06218;%%"
}


@article{2HDM,
      author         = "Berlin, Asher and Lin, Tongyan and Wang, Lian-Tao",
      title          = "{Mono-Higgs detection of dark matter at the LHC}",
      journal        = "JHEP",
      volume         = "06",
      year           = "2014",
      pages          = "078",
      doi            = "10.1007/JHEP06(2014)078",
      eprint         = "1402.7074",
      archivePrefix  = "arXiv",
      primaryClass   = "hep-ph",
      SLACcitation   = "%%CITATION = ARXIV:1402.7074;%%"
}

@unpublished{private,
     author          = "Lin, Tongyan",
     title           = "Private communication",
     year            = "2016"
}



@TECHREPORT{CMS_AN_2006-027,
     AUTHOR       = "Belotelov, I. and Golutvin, I. and Bourilkov, D. and Lanyov, A. and Rogalev, E. and Savina, M. and Shmatov, S.",
     TITLE        = "Search for {ADD} extra dimensional gravity in di-muon channel with the {CMS} Detector",
     TYPE      = "CMS Note",
     NUMBER       = "2006/076",
     URL          = "http://cdsweb.cern.ch/record/962045",
     YEAR         = "2006"}

@TECHREPORT{CMS_NOTE_2006-106,
     AUTHOR       = "Aldaya, M. and Arce, P. and Caballero, J. and de la Cruz, B. and Garcia-Abia, P. and Hernandez, J. M. and Josa, M. I. and Ruiz, E.",
     TITLE        = "Discovery potential and search strategy for the Standard Model {H}iggs boson in the {$H\to ZZ^\star\to 4\mu$} decay channel using a mass-independent analysis",
     TYPE      = "CMS Note",
     NUMBER       = "2006/106",
     URL          = "http://cdsweb.cern.ch/record/962058",
     YEAR         = "2006"}
%
% standard article
%
@Article{Brandt:1997gi,
     author    = "Brandt, A. and others",
 collaboration = "UA8",
     title     = "Measurements of single diffraction at $\sqrt{s} =$ 630 {GeV}: Evidence for  a non-linear $\alpha(t)$ of the pomeron",
     journal   = "Nucl. Phys. B",
     volume    = "514",
     year      = "1998",
     pages     = "3",
     SLACcitation  = "%%CITATION = HEP-EX 9710004;%%",
     doi       = "10.1016/S0550-3213(97)00813-4"
}
@ARTICLE{Buchmuller:1986zs,
     AUTHOR       = "Buchm{\"u}ller, W. and Wyler, D.",
     TITLE        = "Constraints on {SU(5)}-type leptoquarks",
     JOURNAL      = "Phys. Lett. B",
     VOLUME       = "177",
     YEAR         = "1986",
     pages        = "377",
     SLACcitation  = "%%CITATION = PHLTA,B191,442;%%",
     doi          = "10.1016/0370-2693(86)90771-9"}
% PAS are now TECHREPORTS. Same for Notes. A formatted list of PASs is located in [svn]/utils/branches/dev/general/pasBib-tech.bib
@TECHREPORT{CMS-PAS-JME-10-003,
      AUTHOR      = "{CMS Collaboration}",
      COLLABORATION = {CMS},
      TITLE       = "Jet Performance in pp Collisions at $\sqrt{s}$=7 {TeV}",
      URL         = "http://cdsweb.cern.ch/record/1279362",
      TYPE     = "CMS Physics Analysis Summary",
      NUMBER      = "CMS-PAS-JME-10-003",
      YEAR        = "2010"

}


@TECHREPORT{CMS-PAS-LUM-15-001,
      AUTHOR      = "{CMS Collaboration}",
      COLLABORATION = {CMS},
      TITLE       = "CMS luminosity measurement for the 2015 data taking period",
      URL         = "https://cds.cern.ch/record/2138682",
      TYPE        = "CMS Physics Analysis Summary",
      NUMBER      = "CMS-PAS-LUM-15-001",
      YEAR        = "2016"

}


@TECHREPORT{BTV-15-001,
      AUTHOR      = "{CMS Collaboration}",
      COLLABORATION = {CMS},
      TITLE       = "Identification of b quark jets at the CMS Experiment in the LHC Run 2",
      URL         = "http://cds.cern.ch/record/2138504?ln=en",
      TYPE     = "CMS Physics Analysis Summary",
      NUMBER      = "CMS-PAS-BTV-15-001",
      YEAR        = "2016"

}


@Article{BTV-paper-2012-001,
      author         = "Chatrchyan, Serguei and others",
      title          = "{Identification of b-quark jets with the CMS experiment}",
      collaboration  = "CMS",
      journal        = "JINST",
      volume         = "8",
      year           = "2013",
      pages          = "P04013",
      doi            = "10.1088/1748-0221/8/04/P04013",
      eprint         = "1211.4462",
      archivePrefix  = "arXiv",
      primaryClass   = "hep-ex",
      reportNumber   = "CMS-BTV-12-001, CERN-PH-EP-2012-262",
      SLACcitation   = "%%CITATION = ARXIV:1211.4462;%%"
}


%SPIRES had this one as R. Adolphi, et. al. Wrong. Now corrected in InspireHEP.

% An evergreen:
@article{Beringer:1900zz,
      author         = "{Particle Data Group} and Beringer, J. and others",
      title          = "{Review of Particle Physics}",
      journal        = "Phys. Rev. D",
      volume         = "86",
      pages          = "010001",
      doi            = "10.1103/PhysRevD.86.010001",
      year           = "2012",
      SLACcitation   = "%%CITATION = PHRVA,D86,010001;%%",
}
%
% An example of a document which only appears on arXiv. This one could alternatively be cited as a TECHREPORT using any of the various laboratory report numbers when hosted on a lab server:
% reportNumber   = "CERN-PH-EP-2010-095, FERMILAB-TM-2480-PPD, LEPEWWG-2010-01, TEVEWWG-2010-01, ALEPH-2010-001-PHYSICS-2010-001, CDF-NOTE-10338, D0-NOTE-6130, DELPHI-DELPHI-2010-001-PHYS-952, L3-NOTE-2837, OPAL-PR432, SLAC-PUB-14301",
%

@article{bib:CLS1,
  author = "Read, A. L.",
  title = "Presentation of search results: the {$CL_s$} technique",
  journal = "J. Phys. G",
  volume = "28",
  pages = "2693",
  doi = "10.1088/0954-3899/28/10/313",
  year = "2002",
  SLACcitation   = "%%CITATION = JPHGB,G28,2693;%%",
}

@article{bib:CLS2,
      author         = "Junk, Thomas",
      title          = "{Confidence level computation for combining searches with
                        small statistics}",
      journal        = "Nucl. Instrum. Meth. A",
      volume         = "434",
      year           = "1999",
      pages          = "435",
      doi            = "10.1016/S0168-9002(99)00498-2",
      eprint         = "hep-ex/9902006",
      archivePrefix  = "arXiv",
      primaryClass   = "hep-ex",
      reportNumber   = "CARLETON-OPAL-PHYS-99-01, CERN-EP-99-041",
      SLACcitation   = "%%CITATION = HEP-EX/9902006;%%"
}


@article{bib:CLS3,
      author     = "Cowan, Glen and Cranmer, Kyle and Gross, Eilam and Vitells, Ofer",
      title          = "Asymptotic formulae for likelihood-based tests of new
                        physics",
      journal        = "Eur. Phys. J. C",
      volume         = "71",
      year           = "2011",
      pages          = "1554",
      doi            = "10.1140/epjc/s10052-011-1554-0",
      note           = "[Erratum: \DOI{10.1140/epjc/s10052-013-2501-z}]",
      eprint         = "1007.1727",
      archivePrefix  = "arXiv",
      primaryClass   = "physics.data-an",
      SLACcitation   = "%%CITATION = ARXIV:1007.1727;%%"
}



@TECHREPORT{ParticleFlow,
      AUTHOR      = "{CMS Collaboration}",
      COLLABORATION = {CMS},
      TITLE       = "{Commissioning of the particle-flow event reconstruction with the first LHC collisions recorded in the CMS detector}",
      URL         = "https://cds.cern.ch/record/1247373",
      TYPE     = "CMS Physics Analysis Summary",
      NUMBER      = "CMS-PAS-PFT-10-001",
      YEAR        = "2010"
}

@unpublished{Sirunyan:2017ulk,
      author         = "Sirunyan, Albert M and others",
      title          = "{Particle-flow reconstruction and global event
                        description with the CMS detector}",
      collaboration  = "CMS",
      year           = "2017",
      eprint         = "1706.04965",
      archivePrefix  = "arXiv",
      primaryClass   = "physics.ins-det",
      note = "Submitted to \textit{JINST}",
      reportNumber   = "CMS-PRF-14-001, CERN-EP-2017-110",
      SLACcitation   = "%%CITATION = ARXIV:1706.04965;%%"
}


@TECHREPORT{ParticleFlow_1,
      AUTHOR      = "{CMS Collaboration}",
      COLLABORATION = {CMS},
      TITLE       = "Commissioning of the particle-flow event reconstruction with the first LHC collisions recorded in the CMS detector",
      URL         = "https://cds.cern.ch/record/1247373",
      TYPE     = "CMS Physics Analysis Summary",
      NUMBER      = "CMS-PAS-PFT-10-001",
      YEAR        = "2010"
}


@TECHREPORT{CMS-PAS-JME-16-004,
      AUTHOR      = "{CMS Collaboration}",
      TITLE       = "Performance of missing energy reconstruction in 13\TeV pp collision data using the CMS detector",
      URL         = "http://cds.cern.ch/record/2205284?ln=en",
      TYPE     = "CMS Physics Analysis Summary",
      NUMBER      = "CMS-PAS-JME-16-004",
      YEAR        = "2016"
}


%M. Cacciari, G.P. Salam and G. Soyez, Eur.Phys.J. C72 (2012) 1896 [arXiv:1111.6097]
@article{bib:fastjet,
  AUTHOR       = "{M. Cacciari, G. P. Salam and G. Soyez}",
  TITLE        = "FastJet user manual",
  journal = "Eur. Phys. J. C",
  volume = "72",
pages = "012",
  year = "2012",
doi = "10.1140/epjc/s10052-012-1896-2",
  eprint = "1111.6097",
  archivePrefix  = "arXiv",

}

@ARTICLE{jme_jinst,
      author         = "Chatrchyan, Serguei and others",
      title          = "{Determination of Jet Energy Calibration and Transverse Momentum Resolution in CMS}",
      collaboration  = "CMS",
      journal        = "JINST",
      volume         = "6",
      pages          = "P11002",
      doi            = "10.1088/1748-0221/6/11/P11002",
      year           = "2011",
      eprint         = "1107.4277",
      archivePrefix  = "arXiv",
      primaryClass   = "physics.ins-det",
      reportNumber   = "CERN-PH-EP-2011-102, CMS-JME-10-011",
      SLACcitation   = "%%CITATION = ARXIV:1107.4277;%%",    
}


@article{cms:JHEP032011136,
      author         = "{CMS Collaboration}",
      collaboration  = "{CMS}",
      title          = "Measurement of B$\bar{\mathrm{B}}$ angular correlations based on secondary vertex reconstruction at $\sqrt{s} = 7\TeV$.",
      journal        = "JHEP",
      volume         = "03",
      year           = "2011",
      pages          = "136",
      doi            = "10.1007/JHEP03(2011)136",
}




@UNPUBLISHED{LEPewkfits,
     author = "{ALEPH, CDF, D0, DELPHI, L3, OPAL, SLD Collaborations, the LEP Electroweak Working Group, the Tevatron Electroweak Working Group, and the SLD Electroweak and Heavy Flavour Groups}",
     title     = "Precision electroweak measurements and constraints on the {Standard Model}",
     URL       = "http://lepewwg.web.cern.ch/LEPEWWG",
     eprint    = "1012.2367",
     archivePrefix = "arXiv",
     primaryClass  =  "hep-ex",
     year  = "2010",
     SLACcitation  = "%%CITATION = 1012.2367;%%"
}
%
% A document hosted on a laboratory server
%
@TECHREPORT{Bertram:2000br,
  author = " Bertram, I. and Landsberg, G. and Linnemann, J. and Partridge, R. and Paterno, M. and Prosper, H. B.",
  title =  "A Recipe for the construction of confidence limits",
  institution = "Fermilab",
  number     = "{TM-2104}",
  url = "http://lss.fnal.gov/archive/test-tm/2000/fermilab-tm-2104.pdf",
  year = "2000"
 }
 %
 % A document included in Proceedings. PRL may want the ADDRESS field as well.
 %
@INPROCEEDINGS{RooStats,
  AUTHOR       = "Moneta, L. and Belasco, K. and  Cranmer, K. S. and Lazzaro, A. and Piparo, D. and Schott, G. and Verkerke, W. and Wolf, M. ",
  TITLE        = "The {R}oo{S}tats {P}roject",
  BOOKTITLE = "13$^\text{th}$ International Workshop on Advanced Computing and Analysis Techniques in Physics Research (ACAT2010)",
  YEAR         = "2010",
  PUBLISHER = "SISSA",
  NOTE = "{PoS(ACAT2010)057}",
  URL          = "http://pos.sissa.it/archive/conferences/093/057/ACAT2010_057.pdf",
  eprint = "1009.1003",
  primaryClass = "physics.data-an"
}
%
% CMS/ATLAS papers submitted but not yet accepted; The SLACcitation is not required. This is only for illustration, these are now published.
% Upon acceptance the note is modified and the DOI included (if available).
%
@Unpublished{Khachatryan:2010mp,
     author    = "{CMS Collaboration}",
     collaboration = "CMS",
     title     = "Search for Pair Production of First-Generation Scalar Leptoquarks in pp Collisions at $\sqrt{s} = 7$ {TeV}",
     note  = "Submitted to \textit{Phys. Rev. Lett.}",
     eprint    = "1012.4031",
     archivePrefix = "arXiv",
     primaryClass  =  "hep-ex",
     year = "2010",
     SLACcitation  = "%%CITATION = 1012.4031;%%"
}
@Unpublished{ATLAS:2011aa,
        Archiveprefix = {arXiv},
        Author = {{ATLAS Collaboration}},
        Collaboration = {ATLAS},
        Eprint = {1112.2577},
        Note = {Submitted to \textit{Phys. Rev. Lett.}},
        Primaryclass = {hep-ex},
        Slaccitation = {%%CITATION = 1112.2577;%%},
        Title = {Search for the {H}iggs boson in the {$H\to$WW(*)$\to \ell^+ \nu \ell^- \bar{\nu}$} decay channel in pp collisions at $\sqrt{s}$ = 7 {TeV} with the {ATLAS} detector},
        Year = {2011}}
% Misc
@Article{Cacciari:2008gp,
     AUTHOR    = "Cacciari, Matteo and Salam, Gavin P. and Soyez, Gregory",
     TITLE     = "The anti-$k_t$ jet clustering algorithm",
     JOURNAL   = "JHEP",
     VOLUME    = "04",
     YEAR      = "2008",
     PAGES     = "063",
     doi       = "10.1088/1126-6708/2008/04/063",
     eprint         = "0802.1189",
     archivePrefix  = "arXiv",
     primaryClass   = "hep-ex",
}
@Article{Sjostrand:2006za,
      author         = "Sj{\"o}strand, Torbj{\"o}rn and Mrenna, Stephen and Skands, Peter",
      title          = "{PYTHIA} 6.4 physics and manual",
      journal        = "JHEP",
      volume         = "05",
      pages          = "026",
      doi            = "10.1088/1126-6708/2006/05/026",
      year           = "2006",
      eprint         = "hep-ph/0603175",
      archivePrefix  = "arXiv",
      primaryClass   = "hep-ph",
      reportNumber   = "FERMILAB-PUB-06-052-CD-T, LU-TP-06-13",
      SLACcitation   = "%%CITATION = HEP-PH/0603175;%%",
}
@INCOLLECTION{nu2,
    author        = "Giunti, C. and Laveder, M.",
    title         = "Neutrino mixing",
    booktitle     = "Developments in Quantum Physics",
    editor        = "Columbus, F. and Krasnoholovets, V.",
    publisher     = "Nova Science Publishers, Inc.",
    eprint        = "hep-ph/0310238",
    archivePrefix = "arXiv",
    primaryClass  = "hep-ph",
    year          = "2004",
    isbn          = "1-59454-003-9"
}

%%%%%%%%%%%%%% samples %%%%%%%%%%%%%%%%%%%%
@article{bib:MADGRAPH,
      author         = "Alwall, J. and Frederix, R. and Frixione, S. and Hirschi, V. and Maltoni, F. and Mattelaer, O. and Shao, H. -S. and Stelzer, T. and Torrielli, P. and Zaro, M.",
      title          = "{The automated computation of tree-level and next-to-leading order differential cross sections, and their matching to parton shower simulations}",
      journal        = "JHEP",
      volume         = "07",
      year           = "2014",
      pages          = "079",
      doi            = "10.1007/JHEP07(2014)079",
      eprint         = "1405.0301",
      archivePrefix  = "arXiv",
      primaryClass   = "hep-ph",
      reportNumber   = "CERN-PH-TH-2014-064, CP3-14-18, LPN14-066, MCNET-14-09,
                        ZU-TH-14-14",
      SLACcitation   = "%%CITATION = ARXIV:1405.0301;%%"
}

@article{bib:PYTHIA,
      author         = "Sj{\"o}strand, Torbj{\"o}rn and Ask, Stefan and Christiansen, Jesper R. and Corke, Richard and Desai, Nishita and Ilten, Philip and Mrenna, Stephen and Prestel, Stefan and Rasmussen, Christine O. and Skands, Peter Z.",
      title          = "{An introduction to PYTHIA 8.2}",
      journal        = "Comput. Phys. Commun.",
      volume         = "191",
      year           = "2015",
      pages          = "159",
      doi            = "10.1016/j.cpc.2015.01.024",
      eprint         = "1410.3012",
      archivePrefix  = "arXiv",
      primaryClass   = "hep-ph",
      reportNumber   = "LU-TP-14-36, MCNET-14-22, CERN-PH-TH-2014-190,
                        FERMILAB-PUB-14-316-CD, DESY-14-178, SLAC-PUB-16122",
      SLACcitation   = "%%CITATION = ARXIV:1410.3012;%%"
}

@article{Ball:2014uwa,
      author         = "Ball, Richard D. and others",
      title          = "{Parton distributions for the LHC Run II}",
      collaboration  = "NNPDF",
      journal        = "JHEP",
      volume         = "04",
      year           = "2015",
      pages          = "040",
      doi            = "10.1007/JHEP04(2015)040",
      eprint         = "1410.8849",
      archivePrefix  = "arXiv",
      primaryClass   = "hep-ph",
      reportNumber   = "EDINBURGH-2014-15, IFUM-1034-FT, CERN-PH-TH-2013-253,
                        OUTP-14-11P, CAVENDISH-HEP-14-11",
      SLACcitation   = "%%CITATION = ARXIV:1410.8849;%%"                                                                                                                                                     
}



@article{pdf4lhc,
      author         = "Butterworth, Jon and others",
      title          = "{PDF4LHC recommendations for LHC Run II}",
      journal        = "J. Phys. G",
      volume         = "43",
      year           = "2016",
      pages          = "023001",
      doi            = "10.1088/0954-3899/43/2/023001",
      eprint         = "1510.03865",
      archivePrefix  = "arXiv",
      primaryClass   = "hep-ph",
      reportNumber   = "OUTP-15-17P, SMU-HEP-15-12, TIF-UNIMI-2015-14,
                        LCTS-2015-27, CERN-PH-TH-2015-249",
      SLACcitation   = "%%CITATION = ARXIV:1510.03865;%%"
}

@article{Nason:2004rx,
      author         = "Nason, Paolo",
      title          = "{A new method for combining NLO QCD with shower Monte Carlo algorithms}",
      journal        = "JHEP",
      volume         = "11",
      year           = "2004",
      pages          = "040",
      doi            = "10.1088/1126-6708/2004/11/040",
      eprint         = "hep-ph/0409146",
      archivePrefix  = "arXiv",
      primaryClass   = "hep-ph",
      reportNumber   = "BICOCCA-FT-04-11",
      SLACcitation   = "%%CITATION = HEP-PH/0409146;%%"
}

@article{Frixione:2007vw,
      author         = "Frixione, Stefano and Nason, Paolo and Oleari, Carlo",
      title          = "{Matching NLO QCD computations with parton shower simulations: the POWHEG method}",
      journal        = "JHEP",
      volume         = "11",
      year           = "2007",
      pages          = "070",
      doi            = "10.1088/1126-6708/2007/11/070",
      eprint         = "0709.2092",
      archivePrefix  = "arXiv",
      primaryClass   = "hep-ph",
      reportNumber   = "BICOCCA-FT-07-9, GEF-TH-21-2007",
      SLACcitation   = "%%CITATION = ARXIV:0709.2092;%%"
}

@article{Alioli:2010xd,
      author         = "Alioli, Simone and Nason, Paolo and Oleari, Carlo and Re, Emanuele",
      title          = "{A general framework for implementing NLO calculations in shower Monte Carlo programs: the POWHEG BOX}",
      journal        = "JHEP",
      volume         = "06",
      year           = "2010",
      pages          = "043",
      doi            = "10.1007/JHEP06(2010)043",
      eprint         = "1002.2581",
      archivePrefix  = "arXiv",
      primaryClass   = "hep-ph",
      reportNumber   = "DESY-10-018, SFB-CPP-10-22, IPPP-10-11, DCPT-10-22",
      SLACcitation   = "%%CITATION = ARXIV:1002.2581;%%"
}

@article{Frixione:2007nw,
      author         = "Frixione, Stefano and Nason, Paolo and Ridolfi, Giovanni",
      title          = "{A positive-weight next-to-leading-order Monte Carlo for heavy flavour hadroproduction}",
      journal        = "JHEP",
      volume         = "09",
      year           = "2007",
      pages          = "126",
      doi            = "10.1088/1126-6708/2007/09/126",
      eprint         = "0707.3088",
      archivePrefix  = "arXiv",
      primaryClass   = "hep-ph",
      reportNumber   = "BICOCCA-FT-07-12, GEF-TH-19-2007",
      SLACcitation   = "%%CITATION = ARXIV:0707.3088;%%"
}

@article{Re:2010bp,
      author         = "Re, Emanuele",
      title          = "{Single-top Wt-channel production matched with parton showers using the POWHEG method}",
      journal        = "Eur. Phys. J. C",
      volume         = "71",
      year           = "2011",
      pages          = "1547",
      doi            = "10.1140/epjc/s10052-011-1547-z",
      eprint         = "1009.2450",
      archivePrefix  = "arXiv",
      primaryClass   = "hep-ph",
      reportNumber   = "IPPP-10-74, DCPT-10-148",
      SLACcitation   = "%%CITATION = ARXIV:1009.2450;%%"
}

@Article{mlm,
     author    = "Mangano, Michelangelo L. and Moretti, Mauro and Piccinini, Fulvio and Treccani, Michele",
     title     = "{Matching matrix elements and shower evolution for top-quark production in hadronic collisions}",
     journal   = "JHEP",
     doi       = "10.1088/1126-6708/2007/01/013",
     eprint         = "hep-ph/0611129",
     archivePrefix  = "arXiv",
     primaryClass   = "hep-ph",
     volume    = "01",
     year      = "2007",
     pages     = "013"
}

@article{Skands:2014pea,
      author         = "Skands, Peter and Carrazza, Stefano and Rojo, Juan",
      title          = "{Tuning PYTHIA 8.1: the Monash 2013 tune}",
      journal        = "Eur. Phys. J. C",
      volume         = "74",
      year           = "2014",
      pages          = "3024",
      doi            = "10.1140/epjc/s10052-014-3024-y",
      eprint         = "1404.5630",
      archivePrefix  = "arXiv",
      primaryClass   = "hep-ph",
      reportNumber   = "CERN-PH-TH-2014-069, MCNET-14-08, OUTP-14-05P",
      SLACcitation   = "%%CITATION = ARXIV:1404.5630;%%"                                                                                                                                                     
}

@article{CMS-PAS-GEN-14-001,
      author         = "Khachatryan, Vardan and others",
      title          = "{Event generator tunes obtained from underlying event and
                        multiparton scattering measurements}",
      collaboration  = "CMS",
      journal        = "Eur. Phys. J. C",
      volume         = "76",
      year           = "2016",
      number         = "3",
      pages          = "155",
      doi            = "10.1140/epjc/s10052-016-3988-x",
      eprint         = "1512.00815",
      archivePrefix  = "arXiv",
      primaryClass   = "hep-ex",
      reportNumber   = "CMS-GEN-14-001, CERN-PH-EP-2015-291",
      SLACcitation   = "%%CITATION = ARXIV:1512.00815;%%"
}

@article{Agostinelli:2002hh,
      author         = "S. Agostinelli and others",
      title          = "{GEANT4---a simulation toolkit}",
      collaboration  = "GEANT4",
      journal        = "Nucl. Instrum. Meth. A",
      volume         = "506",
      pages          = "250",
      doi            = "10.1016/S0168-9002(03)01368-8",
      year           = "2003",
      reportNumber   = "SLAC-PUB-9350, FERMILAB-PUB-03-339",
      SLACcitation   = "%%CITATION = NUIMA,A506,250;%%",
}



@article{Ellis:2009su,
      author         = "Ellis, Stephen D. and Vermilion, Christopher K. and Walsh, Jonathan R.",
      title          = "{Techniques for improved heavy particle searches with jet substructure}",
      journal        = "Phys. Rev. D",
      volume         = "80",
      year           = "2009",
      pages          = "051501",
      doi            = "10.1103/PhysRevD.80.051501",
      eprint         = "0903.5081",
      archivePrefix  = "arXiv",
      primaryClass   = "hep-ph",
      SLACcitation   = "%%CITATION = ARXIV:0903.5081;%%"                                                                                                                        
}


@article{Ellis:2009me,
      author         = "Ellis, Stephen D. and Vermilion, Christopher K. and  Walsh, Jonathan R.",
      title          = "{Recombination algorithms and jet substructure: pruning as a tool for heavy particle searches}",
      journal        = "Phys. Rev. D",
      volume         = "81",
      year           = "2010",
      pages          = "094023",
      doi            = "10.1103/PhysRevD.81.094023",
      eprint         = "0912.0033",
      archivePrefix  = "arXiv",
      primaryClass   = "hep-ph",
      SLACcitation   = "%%CITATION = ARXIV:0912.0033;%%"                                                                                                                        
}
@inproceedings{Wobisch:1998wt,
      author         = "Wobisch, M. and Wengler, T.",
      title          = "{Hadronization corrections to jet cross-sections in deep inelastic scattering}",
      booktitle      = "{Monte Carlo generators for HERA physics. Proceedings, Workshop, Hamburg, Germany, 1998-1999}",
      url            = "http://inspirehep.net/record/484872/files/arXiv:hep-ph_9907280.pdf",
      year           = "1998",
      eprint         = "hep-ph/9907280",
      archivePrefix  = "arXiv",
      primaryClass   = "hep-ph",
      reportNumber   = "PITHA-99-16",
      SLACcitation   = "%%CITATION = HEP-PH/9907280;%%"                                                                                                                         
}

@article{Catani:1993hr,
      author         = "Catani, S. and Dokshitzer, Yuri L. and Seymour, M. H. and Webber, B. R.",
      title          = "{Longitudinally invariant $K_t$ clustering algorithms for hadron hadron collisions}",
      journal        = "Nucl. Phys. B",
      volume         = "406",
      year           = "1993",
      pages          = "187-224",
      doi            = "10.1016/0550-3213(93)90166-M",
      reportNumber   = "CERN-TH-6775-93, LU-TP-93-2",
      SLACcitation   = "%%CITATION = NUPHA,B406,187;%%"                                                                                                                         
}
@article{Dasgupta:2013ihk,
      author         = "Dasgupta, Mrinal and Fregoso, Alessandro and Marzani,
                        Simone and Salam, Gavin P.",
      title          = "{Towards an understanding of jet substructure}",
      journal        = "JHEP",
      volume         = "09",
      year           = "2013",
      pages          = "029",
      doi            = "10.1007/JHEP09(2013)029",
      eprint         = "1307.0007",
      archivePrefix  = "arXiv",
      primaryClass   = "hep-ph",
      reportNumber   = "CERN-PH-TH-2013-145, DCPT-13-86, IPPP-13-43, LPN13-036,
                        MAN-HEP-2013-12",
      SLACcitation   = "%%CITATION = ARXIV:1307.0007;%%"
}

@article{softdrop,
      author         = "Larkoski, Andrew J. and Marzani, Simone and Soyez, Gregory and Thaler, Jesse",
      title          = "{Soft drop}",
      journal        = "JHEP",
      volume         = "05",
      year           = "2014",
      pages          = "146",
      doi            = "10.1007/JHEP05(2014)146",
      eprint         = "1402.2657",
      archivePrefix  = "arXiv",
      primaryClass   = "hep-ph",
      reportNumber   = "MIT-CTP-4531, DCPT-14-24, IPPP-14-12",
      SLACcitation   = "%%CITATION = ARXIV:1402.2657;%%"
}

@article{Sirunyan:2017hnk,
      author         = "Sirunyan, Albert M and others",
      title          = "{Search for associated production of dark matter with a
                        Higgs boson decaying to $b\bar{b}$ or $\gamma\gamma$ at
                        $\sqrt{s}$ = 13 TeV}",
      collaboration  = "CMS",
      year           = "2017",
      eprint         = "1703.05236",
      archivePrefix  = "arXiv",
      primaryClass   = "hep-ex",
      reportNumber   = "CMS-EXO-16-012, CERN-EP-2017-027",
      SLACcitation   = "%%CITATION = ARXIV:1703.05236;%%"                       
}


@techreport{CMS-PAS-EXO-16-012,
      title         = "{Search for dark matter in association with a Higgs boson
                       decaying into a pair of bottom quarks at $\sqrt{s}$ = 13 TeV
                       with the CMS detector}",
		             institution   = "CERN",
			           collaboration = "CMS",
				         address       = "Geneva",
					       number        = "CMS-PAS-EXO-16-012",
					             year          = "2016",
						     TYPE     = "CMS Physics Analysis Summary",
						           reportNumber  = "CMS-PAS-EXO-16-012",
							         url           = "http://cds.cern.ch/record/2202804",
								 }


@techreport{CMS-PAS-B2G-16-008,
      title= "{Search for heavy resonances decaying to a pair of Higgs bosons in four b quark final state in proton-proton collisions at $\sqrt{s}=13$~TeV}",
      institution   = "CERN",
      collaboration = "CMS",
      address       = "Geneva",
      number        = "CMS-PAS-B2G-16-008",
      year          = "2016",
      TYPE          = "CMS Physics Analysis Summary",
      reportNumber  = "CMS-PAS-B2G-16-008",
      url           = "https://cds.cern.ch/record/2202811?ln=en"
}

@techreport{CMS-PAS-B2G-16-026,
      title= "{Search for heavy resonances decaying to a pair of Higgs bosons in the four b quark final state in proton-proton collisions at $\sqrt{s}=13$~TeV}",
      institution   = "CERN",
      collaboration = "CMS",
      address       = "Geneva",
      number        = "CMS-PAS-B2G-16-026",
      year          = "2016",
      TYPE          = "CMS Physics Analysis Summary",
      reportNumber  = "CMS-PAS-B2G-16-026",
      url           = "https://cds.cern.ch/record/2264684?ln=en"
}


@techreport{CMS-PAS-PFT-09-001,
      title         = "{Particle-flow event reconstruction in CMS and performance
                       for jets, taus, and \MET}",
		             institution   = "CERN",
			           collaboration = "CMS",
					       number        = "CMS-PAS-PFT-09-001",
						           year          = "2009",
							   TYPE     = "CMS Physics Analysis Summary",
							         reportNumber  = "CMS-PAS-PFT-09-001",
								       url           = "https://cds.cern.ch/record/1194487",
								       }

@techreport{ATLAS-CONF-2016-011,
     author 	    = "{ATLAS Collaboration}",
     title         = "{Search for new phenomena in events with missing
                       transverse momentum and a Higgs boson decaying to two
                       photons in p p collisions at $\sqrt{s} = 13$ TeV with the
                       ATLAS detector}",
		             institution   = "CERN",
			           address       = "Geneva",
				         number        = "ATLAS-CONF-2016-011",
					       month         = "Mar",
					             year          = "2016",
						           reportNumber  = "ATLAS-CONF-2016-011",
							         url           = "http://cds.cern.ch/record/2139812",
								 }
@techreport{ATLAS-monoHbb,
      author 	    = "{ATLAS Collaboration}",
      title         = "{Search for Dark Matter in association with a Higgs boson
                     decaying to b-quarks in pp collisions at $\sqrt{s}=13$ TeV with the ATLAS detector}",
      collaboration = "{ATLAS}",
      institution   = "CERN",
      address       = "Geneva",
      number        = "ATLAS-CONF-2016-019",
      month         = "Mar",
      year          = "2016",
      reportNumber  = "ATLAS-CONF-2016-019",
      url           = "http://cds.cern.ch/record/2142777",
}
@article{0954-3899-28-10-313,
  author="A. L. Read",
  title="{Presentation of search results: the CLs technique}",
  journal={Journal of Physics G: Nuclear and Particle Physics},
  volume={28},
  year=2002,
}
@article{Punzi:2003,
      author         = "Punzi, Giovanni",
      title          = "{Sensitivity of searches for new signals and its
                        optimization}",
      booktitle      = "{Statistical problems in particle physics, astrophysics
                        and cosmology. Proceedings, Conference, PHYSTAT 2003,
                        Stanford, USA, September 8-11, 2003}",
      journal        = "eConf",
      volume         = "C 030908",
      year           = "2003",
      pages          = "MODT002",
      eprint         = "physics/0308063",
      archivePrefix  = "arXiv",
      primaryClass   = "physics",
      reportNumber   = "PHYSTAT-2003-MODT002",
      SLACcitation   = "%%CITATION = PHYSICS/0308063;%%"
}
@article{Chatrchyan:2014fea,
      author         = "Chatrchyan, Serguei and others",
      title          = "{Description and performance of track and primary-vertex
                reconstruction with the CMS tracker}",
      collaboration  = "CMS",
      journal        = "JINST",
      volume         = "9",
      year           = "2014",
      number         = "10",
      pages          = "P10009",
      doi            = "10.1088/1748-0221/9/10/P10009",
      eprint         = "1405.6569",
      archivePrefix  = "arXiv",
      primaryClass   = "physics.ins-det",
      reportNumber   = "CMS-TRK-11-001, CERN-PH-EP-2014-070",
      SLACcitation   = "%%CITATION = ARXIV:1405.6569;%%"
}

@ARTICLE{Chatrchyan:2008aa,
     author    = "Chatrchyan, S. and others",
     collaboration = "CMS",
     title     = "The {CMS} experiment at the {CERN} {LHC}",
     journal   = "JINST",
     volume    = "3",
     year      = "2008",
     pages     = "S08004",
     doi       = "10.1088/1748-0221/3/08/S08004",
     SLACcitation  = "%%CITATION = JINST,3,S08004;%%"
}

@Article{HiggsObs_CMS,
      author         = "Chatrchyan, S. and others",
      title          = "{Observation of a new boson at a mass of 125\GeV with the
                        CMS experiment at the LHC}",
      collaboration  = "CMS",
      journal        = "Phys. Lett. B",
      volume         = "716",
      pages          = "30",
      doi            = "10.1016/j.physletb.2012.08.021",
      year           = "2012",
      eprint         = "1207.7235",
      archivePrefix  = "arXiv",
      primaryClass   = "hep-ex",
      reportNumber   = "CMS-HIG-12-028, CERN-PH-EP-2012-220",
      SLACcitation   = "%%CITATION = ARXIV:1207.7235;%%",
}

@Article{HiggsObs_CMS_Long,
      author         = "Chatrchyan, Serguei and others",
      title          = "{Observation of a new boson with mass near 125\GeV in pp collisions at $\sqrt{s}$ = 7 and 8\TeV}",
      collaboration  = "CMS",
      journal        = "JHEP",
      volume         = 06,
      pages          = 081,
      doi            = "10.1007/JHEP06(2013)081",
      year           = 2013,
      eprint         = "1303.4571",
      archivePrefix  = "arXiv",
      primaryClass   = "hep-ex",
      reportNumber   = "CMS-HIG-12-036, CERN-PH-EP-2013-035",
      SLACcitation   = "%%CITATION = ARXIV:1312.5353;%%",
}

@article{HiggsObs_ATLAS,
      author         = "Aad, G. and others",
      title          = "{Observation of a new particle in the search for the
                        Standard Model Higgs boson with the ATLAS detector at the
                        LHC}",
      collaboration  = "ATLAS",
      journal        = "Phys. Lett. B",
      volume         = "716",
      pages          = "1",
      doi            = "10.1016/j.physletb.2012.08.020",
      year           = "2012",
      eprint         = "1207.7214",
      archivePrefix  = "arXiv",
      primaryClass   = "hep-ex",
      reportNumber   = "CERN-PH-EP-2012-218",
      SLACcitation   = "%%CITATION = ARXIV:1207.7214;%%",
}
				   
@techreport{LUM15,
      title         = "{CMS Luminosity Measurement for the 2015 Data Taking
                       Period}",
		             institution   = "CERN",
			           collaboration = "CMS",
				         address       = "Geneva",
					       number        = "CMS-PAS-LUM-15-001",
					             year          = "2016",
						     TYPE     = "CMS Physics Analysis Summary",
						           reportNumber  = "CMS-PAS-LUM-15-001",
							         url           = "http://cds.cern.ch/record/2138682",
								 }

@misc{HigPAGtrig,
     NOTE = "CMS HIG PAG: \scalebox{0.85}{\small \tt https://twiki.cern.ch/twiki/bin/view/CMSPublic/HigPagDec2015\#Trigger}"
}
@misc{METfilters,
     NOTE = "CMS Jet/MET POG: \scalebox{0.85}{\small  \tt https://twiki.cern.ch/twiki/bin/viewauth/CMS/MissingETOptionalFiltersRun2}"
}
@misc{FLASHgg,
     NOTE = "CMS Twiki: \scalebox{0.85}{\small  \tt https://twiki.cern.ch/twiki/bin/viewauth/CMS/FLASHggFramework}"
}
@misc{PhotonID,
     NOTE = "CMS EGM POG:   \scalebox{0.85}{\small \tt https://twiki.cern.ch/twiki/bin/viewauth/CMS/CutBasedPhotonIdentificationRun2}"
}

@misc{higgsBRvalues,
     NOTE = "LHCHXSWG Twiki:  \scalebox{0.85}{\small \tt https://twiki.cern.ch/twiki/bin/view/LHCPhysics/LHCHXSWG\#Higgs\_cross\_sections\_and\_decay\_b}"
}
@Article{t1pfmet,
     AUTHOR        = "{CMS Collaboration}",
     TITLE	   = "Performance of the CMS missing transverse energy reconstruction in pp data at $\sqrt{s} = 8$ TeV",
     JOURNAL	   = "JINST", 
     VOLUME        = "10",
     YEAR          = "2015",
     PAGES	   = "P02006",
     DOI           = "10.1108/1748-0221/10/02/P02006",

}
//NOTE = "CMS Jet/MET POG:  \scalebox{0.85}{\small \tt https://twiki.cern.ch/twiki/bin/view/CMSPublic/WorkBookMetAnalysis\#Type\_1\_Correction}"

@misc{punzi,
     NOTE = "Punzi Significance:  \scalebox{0.85}{\small \tt http://www-conf.slac.stanford.edu/phystat2003/talks/punzi/optimal\_search2.ppt}"
}
@techreport{yellowReport,
      author        = "Heinemeyer, S and others",
      title         = "{Handbook of LHC Higgs cross sections: 3. Higgs
                       properties: report of the LHC Higgs cross section working
                       group}",
      collaboration = "LHC Higgs Cross Section Working Group",
      address       = "Geneva",
      number        = "CERN-2013-004",
      year          = "2013",
      doi = "10.5170/CERN-2013-004",
      eprint  = "1307.1347",
      archivePrefix  = "arXiv",   
}

@techreport{gammaF,
      title         = "{Procedure for the LHC Higgs boson search combination in
                       Summer 2011}",
      institution   = "CERN",
      collaboration = "ATLAS Collaboration, CMS Collaboration, LHC Higgs Combination Group",
      address       = "Geneva",
      number        = "CMS-NOTE-2011-005, ATL-PHYS-PUB-2011-11",
      month         = "Aug",
      year          = "2011",
      type          = " ",
      reportNumber  = "CMS-NOTE-2011-005",
      url           = "https://cds.cern.ch/record/1379837",
}



@unpublished{Khachatryan:2016kdb,
      author         = "{CMS Collaboration}",
      title          = "{Jet energy scale and resolution in the CMS experiment in
                        pp collisions at 8\TeV}",
       note       = "Submitted to {JINST}",
      year           = "2016",
      eprint         = "1607.03663",
      archivePrefix  = "arXiv",
      primaryClass   = "hep-ex",
      reportNumber   = "CMS-JME-13-004, CERN-PH-EP-2015-305",
      SLACcitation   = "%%CITATION = ARXIV:1607.03663;%%"                                                         
}






@misc{yellowReportOrig,
     NOTE = "LHCHXSWG Yellow Report: \scalebox{0.85}{\small \tt https://twiki.cern.ch/twiki/bin/view/LHCPhysics/CERNYellowReportPageAt1314TeV2014}"
}

@Article{tdr_physpreform,
     AUTHOR        = "{CMS Collaboration}",
     TITLE         = "{CMS physics technical design report, volume II: physics performance}",
     JOURNAL       = "J. Phys. G",
     VOLUME        = "34",
     YEAR          = "2007",
     PAGES         = "995",
     DOI           = "10.1088/0954-3899/34/6/S01",
}

@Article{egamma_phoReco8TeV,
      author         = "Khachatryan, Vardan and others",
      title          = "{Performance of photon reconstruction and identification
                        with the cms detector in proton-proton collisions at
                        $\sqrt{s} = 8\TeV$}",
      collaboration  = "CMS",
      journal        = "JINST",
      volume         = "10",
      year           = "2015",
      number         = "08",
      pages          = "P08010",
      doi            = "10.1088/1748-0221/10/08/P08010",
      eprint         = "1502.02702",
      archivePrefix  = "arXiv",
      primaryClass   = "physics.ins-det",
      reportNumber   = "CMS-EGM-14-001, CERN-PH-EP-2015-006",
      SLACcitation   = "%%CITATION = ARXIV:1502.02702;%%"
}

@Article{pileupSubtract,
     AUTHOR        = "Cacciari, M. and Salam, G. P.",
     TITLE         = "Pileup subtraction using jet areas",
     JOURNAL       = "Phys. Lett. B",
     VOLUME        = "659",
     YEAR          = "2008",
     PAGES         = "119",
     DOI           = "10.1016/j.physletb.2007.09.077",
}


@article{monoHiggs1,
      author         = "Carpenter, Linda and DiFranzo, Anthony and Mulhearn,
                        Michael and Shimmin, Chase and Tulin, Sean and Whiteson,
                        Daniel",
      title          = "{Mono-Higgs-boson: A new collider probe of dark matter}",
      journal        = "Phys. Rev. D",
      volume         = "89",
      year           = "2014",
      pages          = "075017",
      doi            = "10.1103/PhysRevD.89.075017",
      eprint         = "1312.2592",
      archivePrefix  = "arXiv",
      primaryClass   = "hep-ph",
      SLACcitation   = "%%CITATION = ARXIV:1312.2592;%%"
}

@article{monoHiggs3,
      author         = "Petrov, Alexey A. and Shepherd, William",
      title          = "{Searching for dark matter at LHC with mono-Higgs
                        production}",
      journal        = "Phys. Lett. B",
      volume         = "730",
      year           = "2014",
      pages          = "178",
      doi            = "10.1016/j.physletb.2014.01.051",
      eprint         = "1311.1511",
      archivePrefix  = "arXiv",
      primaryClass   = "hep-ph",
      reportNumber   = "WSU-HEP-1308",
      SLACcitation   = "%%CITATION = ARXIV:1311.1511;%%"
}


@Article{darkMatterForum,
     AUTHOR        = "Abercrombie, D. and Akchurin, N. and Akilli, E. and Maestre, J. A. and Allen, B. ",
     TITLE         = "Dark Matter Benchmark Models for Early LHC Run-2 Searches: Report of the {ATLAS}/{CMS} Dark Matter Forum",
     YEAR	   = "2015",
     EPRINT        = "hep-ex/1507.00966",
     ARCHIVEPREFIX = "arXiv",
     PRIMARYCLASS  = "hep-ex",
}
@TECHREPORT{Hgg13TeV,
     AUTHOR        = "{CMS Collaboration}",
     TITLE         = "First results on $\mbox{\textrm{H}}\rightarrow\gamma\gamma$ at $\sqrt{s}$=13, TeV", 
     TYPE          = "CMS Analysis Note",
     NUMBER        = "CMS-HIG-15-005", 
     YEAR          = "2016"
}


@article{highMassDiPhoton,
      author         = "Khachatryan, Vardan and others",
            title          = "{Search for resonant production of high-mass photon pairs
                        in proton-proton collisions at $\sqrt{s} =$ 8 and 13\TeV}",
			      collaboration  = "CMS",
			            journal        = "Phys. Rev. Lett.",
				          volume         = "117",
					        year           = "2016",
						            pages          = "051802",
							          doi            = "10.1103/PhysRevLett.117.051802",
								        eprint         = "1606.04093",
									      archivePrefix  = "arXiv",
									            primaryClass   = "hep-ex",
										          reportNumber   = "CMS-EXO-16-018, CERN-EP-2016-154",
											        SLACcitation   = "%%CITATION = ARXIV:1606.04093;%%"
}
												
			      
@Article{powheg,
     author  = "{C. Oleari}",
     title   = "The POWHEG-BOX",
     journal = "Nucl. Phys. Proc. Suppl.",
     volume  = "205-206",
     pages   = "36",
     year    = "2010",
     doi     = "10.1016/j.nuclphysbps.2010.08.016",
     eprint  = "1007.3893",
     archivePrefix = "arXiv",
}

@article{Luisoni:2013kna,
      author         = "Luisoni, Gionata and Nason, Paolo and Oleari, Carlo and
                        Tramontano, Francesco",
      title          = "{$\mathrm{HW^{\pm}/HZ}$ + 0 and 1 jet at NLO with the POWHEG BOX
                        interfaced to GoSam and their merging within MiNLO}",
      journal        = "JHEP",
      volume         = "10",
      year           = "2013",
      pages          = "083",
      doi            = "10.1007/JHEP10(2013)083",
      eprint         = "1306.2542",
      archivePrefix  = "arXiv",
      primaryClass   = "hep-ph",
      SLACcitation   = "%%CITATION = ARXIV:1306.2542;%%"
}



@article{Nason:2009ai,
      author         = "Nason, Paolo and Oleari, Carlo",
      title          = "{NLO Higgs boson production via vector-boson fusion
                        matched with shower in POWHEG}",
      journal        = "JHEP",
      volume         = "02",
      year           = "2010",
      pages          = "037",
      doi            = "10.1007/JHEP02(2010)037",
      eprint         = "0911.5299",
      archivePrefix  = "arXiv",
      primaryClass   = "hep-ph",
      SLACcitation   = "%%CITATION = ARXIV:0911.5299;%%"
}

@article{Nason:2013ydw,
      author         = "Nason, Paolo and Zanderighi, Giulia",
      title          = "{$\mathrm{W}^+\mathrm{W}^-$, $\mathrm{WZ}$ and $\mathrm{ZZ}$ production in the
                        POWHEG-BOX-V2}",
      journal        = "Eur. Phys. J. C",
      volume         = "74",
      year           = "2014",
      pages          = "2702",
      doi            = "10.1140/epjc/s10052-013-2702-5",
      eprint         = "1311.1365",
      archivePrefix  = "arXiv",
      primaryClass   = "hep-ph",
      SLACcitation   = "%%CITATION = ARXIV:1311.1365;%%"
}























%%%%%%%%%%%%%%%% EXAMPLES: 


@TECHREPORT{CMS_AN_2006-027,
     AUTHOR       = "Belotelov, I. and Golutvin, I. and Bourilkov, D. and Lanyov, A. and Rogalev, E. and Savina, M. and Shmatov, S.",
     TITLE        = "Search for {ADD} extra dimensional gravity in di-muon channel with the {CMS} Detector",
     TYPE      = "CMS Note",
     NUMBER       = "2006/076",
     URL          = "http://cdsweb.cern.ch/record/962045",
     YEAR         = "2006"}
@TECHREPORT{CMS_NOTE_2006-106,
     AUTHOR       = "Aldaya, M. and Arce, P. and Caballero, J. and de la Cruz, B. and Garcia-Abia, P. and Hernandez, J. M. and Josa, M. I. and Ruiz, E.",
     TITLE        = "Discovery potential and search strategy for the Standard Model {H}iggs boson in the {$H\to\mathrm{ZZ}^\star\to 4\mu$} decay channel using a mass-independent analysis",
     TYPE      = "CMS Note",
     NUMBER       = "2006/106",
     URL          = "http://cdsweb.cern.ch/record/962058",
     YEAR         = "2006"}
%
% standard article
%
@Article{Brandt:1997gi,
     author    = "Brandt, A. and others",
 collaboration = "UA8",
     title     = "Measurements of single diffraction at $\sqrt{s} =$ 630 {GeV}:
                  Evidence for  a non-linear $\alpha(t)$ of the pomeron",
     journal   = "Nucl. Phys. B",
     volume    = "514",
     year      = "1998",
     pages     = "3",
     SLACcitation  = "%%CITATION = HEP-EX 9710004;%%",
     doi       = "10.1016/S0550-3213(97)00813-4"
}
@ARTICLE{Buchmuller:1986zs,
     AUTHOR       = "Buchm{\"u}ller, W. and Wyler, D.",
     TITLE        = "Constraints on {SU(5)}-type leptoquarks",
     JOURNAL      = "Phys. Lett. B",
     VOLUME       = "177",
     YEAR         = "1986",
     pages        = "377",
     SLACcitation  = "%%CITATION = PHLTA,B191,442;%%",
     doi          = "10.1016/0370-2693(86)90771-9"}

% PAS are now TECHREPORTS. Same for Notes. A formatted list of PASs is located in [svn]/utils/branches/dev/general/pasBib-tech.bib
@TECHREPORT{CMS-PAS-JME-10-003,
      AUTHOR      = "{CMS Collaboration}",
      TITLE       = "Jet Performance in pp Collisions at $\sqrt{s}$=7 {TeV}",
      URL         = "http://cdsweb.cern.ch/record/1279362",
      TYPE     = "CMS Physics Analysis Summary",
      NUMBER      = "CMS-PAS-JME-10-003",
      YEAR        = "2010"
}
%SPIRES had this one as R. Adolphi, et. al. Wrong. Now corrected in InspireHEP.
% An evergreen:
@article{Beringer:1900zz,
      author         = "{Particle Data Group} and Beringer, J. and others",
      title          = "{Review of Particle Physics}",
      journal        = "Phys. Rev. D",
      volume         = "86",
      pages          = "010001",
      doi            = "10.1103/PhysRevD.86.010001",
      year           = "2012",
      SLACcitation   = "%%CITATION = PHRVA,D86,010001;%%",
}
%
% An example of a document which only appears on arXiv. This one could alternatively be cited as a TECHREPORT using any of the various laboratory report numbers when hosted on a lab server:
% reportNumber   = "CERN-PH-EP-2010-095, FERMILAB-TM-2480-PPD, LEPEWWG-2010-01, TEVEWWG-2010-01, ALEPH-2010-001-PHYSICS-2010-001, CDF-NOTE-10338, D0-NOTE-6130, DELPHI-DELPHI-2010-001-PHYS-952, L3-NOTE-2837, OPAL-PR432, SLAC-PUB-14301",
%
@UNPUBLISHED{LEPewkfits,
     author = "{ALEPH, CDF, D0, DELPHI, L3, OPAL, SLD Collaborations,
                                    the LEP Electroweak Working Group, the Tevatron Electroweak Working Group, and the SLD Electroweak and Heavy Flavour Groups}",
     title     = "Precision electroweak measurements and constraints on
the {Standard Model}",
     URL       = "http://lepewwg.web.cern.ch/LEPEWWG",
     eprint    = "1012.2367",
     archivePrefix = "arXiv",
     primaryClass  =  "hep-ex",
     year  = "2010",
     SLACcitation  = "%%CITATION = 1012.2367;%%"
}
%
% A document hosted on a laboratory server
%
@TECHREPORT{Bertram:2000br,
  author = " Bertram, I. and Landsberg, G. and Linnemann, J. and Partridge, R. and Paterno, M. and Prosper, H. B.",
  title =  "A Recipe for the construction of confidence limits",
  institution = "Fermilab",
  number     = "{TM-2104}",
  url = "http://lss.fnal.gov/archive/test-tm/2000/fermilab-tm-2104.pdf",
  year = "2000"
 }
 %
 % A document included in Proceedings. PRL may want the ADDRESS field as well.
 %
@INPROCEEDINGS{RooStats,
  AUTHOR       = "Moneta, L. and Belasco, K. and  Cranmer, K. S. and Lazzaro, A. and Piparo, D. and Schott, G. and Verkerke, W. and Wolf, M. ",
  TITLE        = "The {R}oo{S}tats {P}roject",
  BOOKTITLE = "13$^\text{th}$ International Workshop on Advanced Computing and Analysis Techniques in Physics Research (ACAT2010)",
  YEAR         = "2010",
  PUBLISHER = "SISSA",
  NOTE = "{PoS(ACAT2010)057}",
  URL          = "http://pos.sissa.it/archive/conferences/093/057/ACAT2010_057.pdf",
  eprint = "1009.1003",
  primaryClass = "physics.data-an"
}
%
% CMS/ATLAS papers submitted but not yet accepted; The SLACcitation is not required. This is only for illustration, these are now published.
% Upon acceptance the note is modified and the DOI included (if available).
%
@Unpublished{Khachatryan:2010mp,
     author    = "{CMS Collaboration}",
     collaboration = "CMS",
     title     = "Search for Pair Production of First-Generation Scalar Leptoquarks in pp Collisions at $\sqrt{s} = 7$ {TeV}",
     eprint    = "1012.4031",
     archivePrefix = "arXiv",
     primaryClass  =  "hep-ex",
     year = "2010",
     SLACcitation  = "%%CITATION = 1012.4031;%%"
}
@Unpublished{ATLAS:2011aa,
        Archiveprefix = {arXiv},
        Author = {{ATLAS Collaboration}},
        Collaboration = {ATLAS},
        Eprint = {1112.2577},
        Primaryclass = {hep-ex},
        Title = {Search for the {H}iggs boson in the {$H\to$WW(*)$\to \ell^+ \nu \ell^- \bar{\nu}$} decay channel in pp collisions at $\sqrt{s}$ = 7 {TeV} with the {ATLAS} detector},
        Year = {2011}}

@Article{Sjostrand:2006za,
      author         = "Sj{\"o}strand, Torbj{\"o}rn and Mrenna, Stephen and Skands, Peter",
      title          = "{PYTHIA} 6.4 physics and manual",
      journal        = "JHEP",
      volume         = "05",
      pages          = "026",
      doi            = "10.1088/1126-6708/2006/05/026",
      year           = "2006",
      eprint         = "hep-ph/0603175",
      archivePrefix  = "arXiv",
      primaryClass   = "hep-ph",
      reportNumber   = "FERMILAB-PUB-06-052-CD-T, LU-TP-06-13",
      SLACcitation   = "%%CITATION = HEP-PH/0603175;%%",
}
@INCOLLECTION{nu2,
    author        = "Giunti, C. and Laveder, M.",
    title         = "Neutrino mixing",
    booktitle     = "Developments in Quantum Physics",
    editor        = "Columbus, F. and Krasnoholovets, V.",
    publisher     = "Nova Science Publishers, Inc.",
    eprint        = "hep-ph/0310238",
    archivePrefix = "arXiv",
    primaryClass  = "hep-ph",
    year          = "2004",
    isbn          = "1-59454-003-9"
}

@article{CMSHiggsGG1,
      author         = "Khachatryan, Vardan and others",
      title          = "{Measurement of differential cross sections for Higgs
                        boson production in the diphoton decay channel in pp
                        collisions at $\sqrt{s} = 8\TeV$}",
      collaboration  = "CMS",
      journal        = "Eur. Phys. J. C",
      volume         = "76",
      year           = "2016",
      pages          = "13",
      doi            = "10.1140/epjc/s10052-015-3853-3",
      eprint         = "1508.07819",
      archivePrefix  = "arXiv",
      primaryClass   = "hep-ex",
      reportNumber   = "CMS-HIG-14-016, CERN-PH-EP-2015-195",
      SLACcitation   = "%%CITATION = ARXIV:1508.07819;%%"
}

@article{CMSHiggsGG2,
      author         = "Khachatryan, Vardan and others",
      title          = "{Observation of the diphoton decay of the Higgs boson and
                        measurement of its properties}",
      collaboration  = "CMS",
      journal        = "Eur. Phys. J. C",
      volume         = "74",
      year           = "2014",
      pages          = "3076",
      doi            = "10.1140/epjc/s10052-014-3076-z",
      eprint         = "1407.0558",
      archivePrefix  = "arXiv",
      primaryClass   = "hep-ex",
      reportNumber   = "CMS-HIG-13-001, CERN-PH-EP-2014-117",
      SLACcitation   = "%%CITATION = ARXIV:1407.0558;%%"
}


@article{Cheung:2000rw,
      author         = "Cheung, Kingman",
      title          = "{Phenomenology of radion in Randall-Sundrum scenario}",
      journal        = "Phys. Rev. D",
      volume         = "63",
      year           = "2001",
      pages          = "056007",
      doi            = "10.1103/PhysRevD.63.056007",
      eprint         = "hep-ph/0009232",
      archivePrefix  = "arXiv",
      primaryClass   = "hep-ph",
      SLACcitation   = "%%CITATION = HEP-PH/0009232;%%"
}

@article{Baur:2003gp,
      author         = "Baur, U. and Plehn, T. and Rainwater, David L.",
      title          = "{Probing the Higgs self-coupling at hadron colliders using
                        rare decays}",
      journal        = "Phys. Rev. D",
      volume         = "69",
      year           = "2004",
      pages          = "053004",
      doi            = "10.1103/PhysRevD.69.053004",
      eprint         = "hep-ph/0310056",
      archivePrefix  = "arXiv",
      primaryClass   = "hep-ph",
      reportNumber   = "CERN-TH-2003-186, UB-HET-03-06, DESY-03-103",
      SLACcitation   = "%%CITATION = HEP-PH/0310056;%%"
}
 
@article{Plehn:1996wb,
      author         = "Plehn, T. and Spira, M. and Zerwas, P. M.",
      title          = "{Pair production of neutral Higgs particles in
                        gluon-gluon collisions}",
      journal        = "Nucl. Phys. B",
      volume         = "479",
      year           = "1996",
      pages          = "46",
      doi            = "10.1016/0550-3213(96)00418-X",
      note           = "[Erratum: \DOI{10.1016/S0550-3213(98)00406-4}]",
      eprint         = "hep-ph/9603205",
      archivePrefix  = "arXiv",
      primaryClass   = "hep-ph",
      reportNumber   = "DESY-95-215",
      SLACcitation   = "%%CITATION = HEP-PH/9603205;%%"
}

@article{Djouadi:1999rca,
      author         = "Djouadi, A. and Kilian, W. and Muhlleitner, M. and
                        Zerwas, P. M.",
      title          = "{Production of neutral Higgs boson pairs at LHC}",
      journal        = "Eur. Phys. J. C",
      volume         = "10",
      year           = "1999",
      pages          = "45",
      doi            = "10.1007/s100529900083",
      eprint         = "hep-ph/9904287",
      archivePrefix  = "arXiv",
      primaryClass   = "hep-ph",
      reportNumber   = "DESY-99-033, TTP-99-17, PM-99-21",
      SLACcitation   = "%%CITATION = HEP-PH/9904287;%%"
}

@article{Grober:2010yv,
      author         = "Grober, R. and Muhlleitner, M.",
      title          = "{Composite Higgs Boson Pair Production at the LHC}",
      journal        = "JHEP",
      volume         = "06",
      year           = "2011",
      pages          = "020",
      doi            = "10.1007/JHEP06(2011)020",
      eprint         = "1012.1562",
      archivePrefix  = "arXiv",
      primaryClass   = "hep-ph",
      reportNumber   = "KA-TP-37-2010",
      SLACcitation   = "%%CITATION = ARXIV:1012.1562;%%"
}

@article{Moretti:2004wa,
      author         = "Moretti, M. and Moretti, S. and Piccinini, F. and Pittau,
                        R. and Polosa, A. D.",
      title          = "{Higgs boson self-couplings at the LHC as a probe of
                        extended Higgs sectors}",
      journal        = "JHEP",
      volume         = "02",
      year           = "2005",
      pages          = "024",
      doi            = "10.1088/1126-6708/2005/02/024",
      eprint         = "hep-ph/0410334",
      archivePrefix  = "arXiv",
      primaryClass   = "hep-ph",
      reportNumber   = "FNT-T-2004-03, SHEP-03-12, CAFPE-26-03, UG-FT-156-03,
                        LAPTH-1028-04, BA-TH-495-04",
      SLACcitation   = "%%CITATION = HEP-PH/0410334;%%"
}

@article{Goertz:2014qta,
      author         = "Goertz, Florian and Papaefstathiou, Andreas and Yang, Li
                        Lin and Zurita, José",
      title          = "{Higgs boson pair production in the D=6 extension of the
                        SM}",
      journal        = "JHEP",
      volume         = "04",
      year           = "2015",
      pages          = "167",
      doi            = "10.1007/JHEP04(2015)167",
      eprint         = "1410.3471",
      archivePrefix  = "arXiv",
      primaryClass   = "hep-ph",
      SLACcitation   = "%%CITATION = ARXIV:1410.3471;%%"
}

@article{Heng:2013cya,
      author         = "Heng, Zhaoxia and Shang, Liangliang and Zhang, Yanming
                        and Zhu, Jingya",
      title          = "{Pair production of 125 GeV Higgs boson in the SM
                        extension with color-octet scalars at the LHC}",
      journal        = "JHEP",
      volume         = "02",
      year           = "2014",
      pages          = "083",
      doi            = "10.1007/JHEP02(2014)083",
      eprint         = "1312.4260",
      archivePrefix  = "arXiv",
      primaryClass   = "hep-ph",
      SLACcitation   = "%%CITATION = ARXIV:1312.4260;%%"
}

@article{Dawson:2015oha,
      author         = "Dawson, S. and Ismail, A. and Low, Ian",
      title          = "{What's in the loop? The anatomy of double Higgs
                        production}",
      journal        = "Phys. Rev. D",
      volume         = "91",
      year           = "2015",
      pages          = "115008",
      doi            = "10.1103/PhysRevD.91.115008",
      eprint         = "1504.05596",
      archivePrefix  = "arXiv",
      primaryClass   = "hep-ph",
      SLACcitation   = "%%CITATION = ARXIV:1504.05596;%%"
}

@article{Glover:1987nx,
      author         = "Glover, E .W. Nigel and van der Bij, J. J.",
      title          = "{Higgs Boson Pair Production via Gluon Fusion}",
      journal        = "Nucl. Phys. B",
      volume         = "309",
      pages          = "282",
      doi            = "10.1016/0550-3213(88)90083-1",
      year           = "1988",
      reportNumber   = "CERN-TH-4934/87",
      SLACcitation   = "%%CITATION = NUPHA,B309,282;%%",
}

@TECHREPORT{CMS_AN_2006-027,
     AUTHOR       = "Belotelov, I. and Golutvin, I. and Bourilkov, D. and Lanyov, A. and Rogalev, E. and Savina, M. and Shmatov, S.",
     TITLE        = "Search for {ADD} extra dimensional gravity in di-muon channel with the {CMS} Detector",
     TYPE      = "CMS Note",
     NUMBER       = "2006/076",
     URL          = "http://cdsweb.cern.ch/record/962045",
     YEAR         = "2006"}
@TECHREPORT{CMS_NOTE_2006-106,
     AUTHOR       = "Aldaya, M. and Arce, P. and Caballero, J. and de la Cruz, B. and Garcia-Abia, P. and Hernandez, J. M. and Josa, M. I. and Ruiz, E.",
     TITLE        = "Discovery potential and search strategy for the Standard Model {H}iggs boson in the {$H\to ZZ^\star\to 4\mu$} decay channel using a mass-independent analysis",
     TYPE      = "CMS Note",
     NUMBER       = "2006/106",
     URL          = "http://cdsweb.cern.ch/record/962058",
     YEAR         = "2006"}
%
% standard article
%
@Article{Brandt:1997gi,
     author    = "Brandt, A. and others",
 collaboration = "UA8",
     title     = "Measurements of single diffraction at $\sqrt{s} =$ 630 {GeV}:
                  Evidence for  a non-linear $\alpha(t)$ of the pomeron",
     journal   = "Nucl. Phys. B",
     volume    = "514",
     year      = "1998",
     pages     = "3",
     SLACcitation  = "%%CITATION = HEP-EX 9710004;%%",
     doi       = "10.1016/S0550-3213(97)00813-4"
}
@UNPUBLISHED{Dall'Osso:2015aia,
      author         = "Dall'Osso, Martino and Dorigo, Tommaso and Gottardo,
                        Carlo A. and Oliveira, Alexandra and Tosi, Mia and Goertz,
                        Florian",
      title          = "{Higgs Pair Production: Choosing Benchmarks With Cluster
                        Analysis}",
      year           = "2015",
      eprint         = "1507.02245",
      note  = "Submitted to \textit{JHEP}",
      archivePrefix  = "arXiv",
      primaryClass   = "hep-ph",
      SLACcitation   = "%%CITATION = ARXIV:1507.02245;%%"
}


@article{Grober:2015cwa,
      author         = "Grober, Ramona and Muhlleitner, Margarete and Spira,
                        Michael and Streicher, Juraj",
      title          = "{NLO QCD Corrections to Higgs Pair Production including
                        Dimension-6 Operators}",
      journal        = "JHEP",
      volume         = "09",
      year           = "2015",
      pages          = "092",
      doi            = "10.1007/JHEP09(2015)092",
      eprint         = "1504.06577",
      archivePrefix  = "arXiv",
      primaryClass   = "hep-ph",
      reportNumber   = "KA-TP-08-2015, PSI-PR-15-03, RM3-TH-15-5",
      SLACcitation   = "%%CITATION = ARXIV:1504.06577;%%"
}



@ARTICLE{Buchmuller:196zs,
     AUTHOR       = "Buchm{\"u}ller, W. and Wyler, D.",
     TITLE        = "Constraints on {SU(5)}-type leptoquarks",
     JOURNAL      = "Phys. Lett. B",
     VOLUME       = "177",
     YEAR         = "1986",
     pages        = "377",
     SLACcitation  = "%%CITATION = PHLTA,B191,442;%%",
     doi          = "10.1016/0370-2693(86)90771-9"}
@Article{PTDR2,
     author    = "{CMS Collaboration}",
     title     = "{CMS} technical design report, volume {II}: {Physics}
                  performance",
     journal   = "J. Phys. G",
     volume    = "34",
     year      = "2007",
     pages     = "995",
     doi       = "10.1088/0954-3899/34/6/S01",
     SLACcitation  = "%%CITATION = JPHGB,G34,995;%%"
}
@TECHREPORT{CMS-PAS-JME-10-003,
      AUTHOR      = "{CMS Collaboration}",
      COLLABORATION = {CMS},
      TITLE       = "Jet Performance in $\Pp\Pp$ Collisions at $\sqrt{s}$=7 {TeV}",
      URL         = "http://cdsweb.cern.ch/record/1279362",
      TYPE         = "CMS Physics Analysis Summary",
      NUMBER      = "CMS-PAS-JME-10-003",
      YEAR        = "2010"
}
%SPIRES had this one as R. Adolphi, et. al. Wrong. Now corrected in InspireHEP.
@Article{Chatrchyan:2008zzk,
     author    = "Chatrchyan, S. and others",
     collaboration = "CMS",
     title     = "The {CMS} experiment at the {CERN} {LHC}",
     journal   = "JINST",
     volume    = "3",
     year      = "2008",
     pages     = "S08004",
     doi       = "10.1088/1748-0221/3/08/S08004",
     SLACcitation  = "%%CITATION = JINST,3,S08004;%%"
}

@techreport{CMS-PAS-LUM-13-001,
      AUTHOR      = "CMS Collaboration",
      title        = "CMS Luminosity Based on Pixel Cluster Counting - Summer
                      2013 Update",
      TYPE        = "CMS Physics Analysis Summary",
      collaboration = "CMS",
      url =       "http://cds.cern.ch/record/1598864",
      number       = "CMS-PAS-LUM-13-001",
      year         = "2013"
}

@article{Craig:2012vn,
      author         = "Craig, Nathaniel and Thomas, Scott",
      title          = "{Exclusive Signals of an Extended Higgs Sector}",
      journal        = "JHEP",
      volume         = "11",
      pages          = "083",
      doi            = "10.1007/JHEP11(2012)083",
      year           = "2012",
      eprint         = "1207.4835",
      archivePrefix  = "arXiv",
      primaryClass   = "hep-ph",
      reportNumber   = "RU-NHETC-2012-15",
      SLACcitation   = "%%CITATION = ARXIV:1207.4835;%%",
}

@article{Craig:2013hca,
      author         = "Craig, Nathaniel and Galloway, Jamison and Thomas, Scott",
      title          = "{Searching for Signs of the Second Higgs Doublet}",
      year           = "2013",
      eprint         = "1305.2424",
      archivePrefix  = "arXiv",
      primaryClass   = "hep-ph",
      reportNumber   = "RU-NHETC-2013-07",
      SLACcitation   = "%%CITATION = ARXIV:1305.2424;%%",
}

@article{Djouadi:2005gj,
      author         = "Djouadi, Abdelhak",
      title          = "{The anatomy of electroweak symmetry breaking. Tome II: the
                        Higgs bosons in the minimal supersymmetric model}",
      journal        = "Phys. Rept.",
      volume         = "459",
      pages          = "01",
      doi            = "10.1016/j.physrep.2007.10.005",
      year           = "2008",
      eprint         = "hep-ph/0503173",
      archivePrefix  = "arXiv",
      primaryClass   = "hep-ph",
      reportNumber   = "LPT-ORSAY-05-18",
      SLACcitation   = "%%CITATION = HEP-PH/0503173;%%",
}
%
% An example of a document which only appears on arXiv. This one could alternatively be cited as a TECHREPORT using any of the various laboratory report numbers when hosted on a lab server:
% reportNumber   = "CERN-PH-EP-2010-095, FERMILAB-TM-2480-PPD, LEPEWWG-2010-01, TEVEWWG-2010-01, ALEPH-2010-001-PHYSICS-2010-001, CDF-NOTE-10338, D0-NOTE-6130, DELPHI-DELPHI-2010-001-PHYS-952, L3-NOTE-2837, OPAL-PR432, SLAC-PUB-14301",
%
@UNPUBLISHED{LEPewkfits,
     author = "{ALEPH, CDF, D0, DELPHI, L3, OPAL, SLD Collaborations,
                                    the LEP Electroweak Working Group, the Tevatron Electroweak Working Group, and the SLD Electroweak and Heavy Flavour Groups}",
     title     = "Precision electroweak measurements and constraints on
the {Standard Model}",
     URL       = "http://lepewwg.web.cern.ch/LEPEWWG",
     eprint    = "1012.2367",
     archivePrefix = "arXiv",
     primaryClass  =  "hep-ex",
     year  = "2010",
     SLACcitation  = "%%CITATION = 1012.2367;%%"
}
%
% A document hosted on a laboratory server
%
@TECHREPORT{Bertram:2000br,
  author = " Bertram, I. and Landsberg, G. and Linnemann, J. and Partridge, R. and Paterno, M. and Prosper, H. B.",
  title =  "A Recipe for the construction of confidence limits",
  institution = "Fermilab",
  number     = "{TM-2104}",
  url = "http://lss.fnal.gov/archive/test-tm/2000/fermilab-tm-2104.pdf",
  year = "2000"
 }
 %
 % A document included in Proceedings. PRL may want the ADDRESS field as well.
 %
@INPROCEEDINGS{RooStats,
  AUTHOR       = "Moneta, L. and Belasco, K. and  Cranmer, K. S. and Lazzaro, A. and Piparo, D. and Schott, G. and Verkerke, W. and Wolf, M. ",
  TITLE        = "The {R}oo{S}tats {P}roject",
  BOOKTITLE = "13$^\text{th}$ International Workshop on Advanced Computing and Analysis Techniques in Physics Research (ACAT2010)",
  YEAR         = "2010",
  PUBLISHER = "SISSA",
  NOTE = "{PoS(ACAT2010)057}",
  URL          = "http://pos.sissa.it/archive/conferences/093/057/ACAT2010_057.pdf",
  eprint = "1009.1003",
  primaryClass = "physics.data-an"
}
%
% CMS/ATLAS papers submitted but not yet accepted; The SLACcitation is not required. This is only for illustration, these are now published.
% Upon acceptance the note is modified and the DOI included (if available).
%
@Unpublished{Khachatryan:2010mp,
     author    = "{CMS Collaboration}",
     collaboration = "CMS",
     title     = "Search for Pair Production of First-Generation Scalar Leptoquarks in $\Pp\Pp$ Collisions at $\sqrt{s} = 7$ {TeV}",
     note  = "Submitted to \textit{Phys. Rev. Lett.}",
     eprint    = "1012.4031",
     archivePrefix = "arXiv",
     primaryClass  =  "hep-ex",
     year = "2010",
     SLACcitation  = "%%CITATION = 1012.4031;%%"
}
@Unpublished{CMS-PAPER-MUO-10-004,
     author        = "{CMS Collaboration}",
     collaboration = "CMS",
     title         = "Performance of CMS muon reconstruction in $\Pp\Pp$ collision events at $\sqrt{s} = 7$\TeV",
     note          = "Submitted to \textit{J. Inst.}",
     eprint        = "1206.4071",
     archivePrefix = "arXiv",
     primaryClass  =  "physics.ins-det",
     year = "2012",
}
@Unpublished{ATLAS:2011aa,
        Archiveprefix = {arXiv},
        Author = {{ATLAS Collaboration}},
        Collaboration = {ATLAS},
        Eprint = {1112.2577},
        Note = {Submitted to \textit{Phys. Rev. Lett.}},
        Primaryclass = {hep-ex},
        Slaccitation = {%%CITATION = 1112.2577;%%},
        Title = {Search for the {H}iggs boson in the {$H\to$WW(*)$\to \ell^+ \nu \ell^- \bar{\nu}$} decay channel in $\Pp\Pp$ collisions at $\sqrt{s}$ = 7 {TeV} with the {ATLAS} detector},
        Year = {2011}}


@article{GLOBE,
    author = "higgs to gg analysis group",
    title = "http://cmssw.cvs.cern.ch/cgi-bin/cmssw.cgi/UserCode/HiggsAnalysis/HiggsTo2photon/",
}

@article{ROME,
author = {rome Hgg analysis group},
title = {http://cmssw.cvs.cern.ch/cgi-bin/cmssw.cgi/UserCode/rahatlou/Analysis/Higgs/RedNtpTree.cc?view=log}
}



@article{JetResolutionTwiki,
author = {jetMET},
title = {https://twiki.cern.ch/twiki/bin/view/CMS/JetResolution}
}

@article{btagSFTwiki,
author = { B T V POG},
title = {https://twiki.cern.ch/twiki/bin/viewauth/CMS/BtagPOG}
}

@TECHREPORT{HggCMS,
  author = "Hgg group",
  title =  "Updated measurements of the new Higgs-like boson at 125 GeV in the two photon decay channel. ",
  institution = "AN-2013/008",
  year = "2013",
  url = {http://cms.cern.ch/iCMS/jsp/openfile.jsp?tp=draft&files=AN2013_008_v4.pdf}
 }

@TECHREPORT{HggCMS2011,
  author = "Group Hgg",
  title =  "Search for a Higgs boson decaying into two photons in proton-proton collisions recorded by the CMS detector at the LHC",
  institution = "AN-2011/129",
  year = "2011",
  url = {http://cms.cern.ch/iCMS/jsp/openfile.jsp?tp=draft&files=AN2011_129_v6.pdf}
 }

@TECHREPORT{HbbVBF_CMS,
  author = "Group HbbVBF",
  title =  " Search for the Standard Model Higgs Boson Produced in Vector Boson Fusion and Decaying to Bottom Quarks",
  institution = "AN-2012/395",
  year = "2013",
  url = {http://cms.cern.ch/iCMS/jsp/openfile.jsp?tp=draft&files=AN2012_395_v4.pdf}
 }

@TECHREPORT{PairedDijet,
  author = "Group PairedDijet",
  title =  " Search for the Standard Model Higgs Boson Produced in Vector Boson Fusion and Decaying to Bottom Quarks",
  institution = "AN-2012/395",
  year = "2013",
  url = {http://cms.cern.ch/iCMS/jsp/openfile.jsp?tp=draft&files=AN2012_395_v4.pdf}
}

@TECHREPORT{Dijet,
  author = "Group Dijet",
  title =  "Search for Narrow Resonances using the Dijet Mass Spectrum in $\Pp\Pp$ Collisions at $\sqrt{s}=8$ TeV with full 2012 dataset",
  institution = "AN-2012/455",
  year = "2012",
  url = {http://cms.cern.ch/iCMS/jsp/openfile.jsp?tp=draft&files=AN2012_455_v8.pdf}
}

@article{ZZ_llJ,
      author         = "Chatrchyan, Serguei and others",
      title          = "{Search for exotic resonances decaying into $WZ/ZZ$ in
                        $\Pp\Pp$ collisions at $\sqrt{s}=7$ TeV}",
      collaboration  = "CMS",
      journal        = "JHEP",
      volume         = "02",
      pages          = "036",
      doi            = "10.1007/JHEP02(2013)036",
      year           = "2013",
      eprint         = "1211.5779",
      archivePrefix  = "arXiv",
      primaryClass   = "hep-ex",
      reportNumber   = "CMS-EXO-12-014, CERN-PH-EP-2012-312",
      SLACcitation   = "%%CITATION = ARXIV:1211.5779;%%",
}

%%%%%%%%%%%%%%%%%%%%%%%%%%%%%%%%%%%%%%%%%%%%%%%%%%%%%%%%%%%%%%%%%%%%%%%%%%%%5
%%%%%%%%%%%%%%%%%%%%%%%%%5%%%%%%%%%%%%%%%%%%%%%%%%%%%%%%%%%%%%%%%5%%%%%%%%%%%%5

@article{Baglio:2012np,
      author         = "Baglio, J. and Djouadi, A. and Gröber, R. and
                        Mühlleitner, M. M. and Quevillon, J. and Spira, M.",
      title          = "{The measurement of the Higgs self-coupling at the LHC:
                        theoretical status}",
      journal        = "JHEP",
      volume         = "04",
      pages          = "151",
      doi            = "10.1007/JHEP04(2013)151",
      year           = "2013",
      eprint         = "1212.5581",
      archivePrefix  = "arXiv",
      primaryClass   = "hep-ph",
      reportNumber   = "KA-TP-44-2012, SFB-CPP-12-102, LPT-ORSAY-12-124,
                        PSI-PR-12-10",
      SLACcitation   = "%%CITATION = ARXIV:1212.5581;%%",
}

@article{Gouzevitch:2013qca,
      author         = "Gouzevitch, M. and Oliveira, A. and Rojo, J.
                        and Rosenfeld, R. and Salam, G. P. and Sanz, V.",
      title          = "{Scale-invariant resonance tagging in multijet events and
                        new physics in Higgs pair production}",
      journal        = "JHEP",
      volume         = "07",
      pages          = "148",
      doi            = "10.1007/JHEP07(2013)148",
      year           = "2013",
      eprint         = "1303.6636",
      archivePrefix  = "arXiv",
      primaryClass   = "hep-ph",
      reportNumber   = "CERN-PH-TH-2012-311, ICTP-SAIFR-2013-003",
      SLACcitation   = "%%CITATION = ARXIV:1303.6636;%%",
}



@article{Belyaev:1999mx,
      author         = "Belyaev, A. and Drees, Manuel and Eboli, Oscar J.P. and
                        Mizukoshi, J.K. and Novaes, S.F.",
      title          = "{Supersymmetric Higgs pair production at hadron
                        colliders}",
      journal        = "Phys. Rev. D",
      volume         = "60",
      pages          = "075008",
      doi            = "10.1103/PhysRevD.60.075008",
      year           = "1999",
      eprint         = "hep-ph/9905266",
      archivePrefix  = "arXiv",
      primaryClass   = "hep-ph",
      reportNumber   = "SLAC-PUB-8123, IFT-P-035-99",
      SLACcitation   = "%%CITATION = HEP-PH/9905266;%%",
}

@article{Contino:2012xk,
      author         = "Contino, Roberto and Ghezzi, Margherita and Moretti,
                        Mauro and Panico, Giuliano and Piccinini, Fulvio and
                        others",
      title          = "{Anomalous Couplings in Double Higgs Production}",
      journal        = "JHEP",
      volume         = "08",
      pages          = "154",
      doi            = "10.1007/JHEP08(2012)154",
      year           = "2012",
      eprint         = "1205.5444",
      archivePrefix  = "arXiv",
      primaryClass   = "hep-ph",
      SLACcitation   = "%%CITATION = ARXIV:1205.5444;%%",
}

@article{Nishiwaki:2013cma,
      author         = "Nishiwaki, Kenji and Niyogi, Saurabh and Shivaji,
                        Ambresh",
      title          = "{$\ttbar\PH$ Anomalous Coupling in Double Higgs Production}",
      journal        = "JHEP",
      volume         = "04",
      pages          = "011",
      doi            = "10.1007/JHEP04(2014)011",
      year           = "2014",
      eprint         = "1309.6907",
      archivePrefix  = "arXiv",
      primaryClass   = "hep-ph",
      reportNumber   = "HRI-P-13-09-002, RECAPP-HRI-2013-020",
      SLACcitation   = "%%CITATION = ARXIV:1309.6907;%%",
}



@article{Liu:2014rba,
      author         = "Liu, Ning and Hu, Songlin and Yang, Bingfang and Han,
                        Jinzhong",
      title          = "{Impact of top-Higgs couplings on di-Higgs production at
                        future colliders}",
      journal        = "JHEP",
      volume         = "01",
      year           = "2015",
      pages          = "008",
      doi            = "10.1007/JHEP01(2015)008",
      eprint         = "1408.4191",
      archivePrefix  = "arXiv",
      primaryClass   = "hep-ph",
      SLACcitation   = "%%CITATION = ARXIV:1408.4191;%%"
}



@article{Pierce:2006dh,
      author         = "Pierce, Aaron and Thaler, Jesse and Wang, Lian-Tao",
      title          = "{Disentangling Dimension Six Operators through di-Higgs
                        Boson Production}",
      journal        = "JHEP",
      volume         = "05",
      pages          = "070",
      doi            = "10.1088/1126-6708/2007/05/070",
      year           = "2007",
      eprint         = "hep-ph/0609049",
      archivePrefix  = "arXiv",
      primaryClass   = "hep-ph",
      reportNumber   = "HUTP-06-A0037",
      SLACcitation   = "%%CITATION = HEP-PH/0609049;%%",
}

@article{Hespel:2014sla,
      author         = "Hespel, Benoit and Lopez-Val, David and Vryonidou, Eleni",
      title          = "{Higgs pair production via gluon fusion in the
                        Two-Higgs-Doublet Model}",
      journal        = "JHEP",
      volume         = "09",
      pages          = "124",
      doi            = "10.1007/JHEP09(2014)124",
      year           = "2014",
      eprint         = "1407.0281",
      archivePrefix  = "arXiv",
      primaryClass   = "hep-ph",
      reportNumber   = "MCNET-14-12, CP3-14-48",
      SLACcitation   = "%%CITATION = ARXIV:1407.0281;%%",
}


@article{Ellis:2013ywa,
      author         = "Ellis, John and Sanz, Verónica and You, Tevong",
      title          = "{Associated Production Evidence against Higgs Impostors
                        and Anomalous Couplings}",
      journal        = "Eur. Phys. J.",
      volume         = "C73",
      pages          = "2507",
      doi            = "10.1140/epjc/s10052-013-2507-6",
      year           = "2013",
      eprint         = "1303.0208",
      archivePrefix  = "arXiv",
      primaryClass   = "hep-ph",
      reportNumber   = "KCL-PH-TH-2013-06, LCTS-2013-03, CERN-PH-TH-2013-017",
      SLACcitation   = "%%CITATION = ARXIV:1303.0208;%%",
}

@article{Dib:2005re,
      author         = "Dib, Claudio O. and Rosenfeld, Rogerio and Zerwekh,
                        Alfonso",
      title          = "{Double Higgs production and quadratic divergence
                        cancellation in little Higgs models with T parity}",
      journal        = "JHEP",
      volume         = "05",
      pages          = "074",
      doi            = "10.1088/1126-6708/2006/05/074",
      year           = "2006",
      eprint         = "hep-ph/0509179",
      archivePrefix  = "arXiv",
      primaryClass   = "hep-ph",
      SLACcitation   = "%%CITATION = HEP-PH/0509179;%%",
}

@article{Grigo:2014jma,
      author         = "Grigo, Jonathan and Melnikov, Kirill and Steinhauser,
                        Matthias",
      title          = "{Virtual corrections to Higgs boson pair production in
                        the large top quark mass limit}",
      journal        = "Nucl. Phys. B",
      volume         = "888",
      pages          = "17",
      doi            = "10.1016/j.nuclphysb.2014.09.003",
      year           = "2014",
      eprint         = "1408.2422",
      archivePrefix  = "arXiv",
      primaryClass   = "hep-ph",
      reportNumber   = "TTP14-024, LPN14-101",
      SLACcitation   = "%%CITATION = ARXIV:1408.2422;%%",
}

@article{Oliveira:2010uv,
      author         = "Oliveira, A. and Rosenfeld, R.",
      title          = "{Hidden sector effects on double higgs production near
                        threshold at the LHC}",
      journal        = "Phys. Lett. B",
      volume         = "702",
      pages          = "201",
      doi            = "10.1016/j.physletb.2011.06.086",
      year           = "2011",
      eprint         = "1009.4497",
      archivePrefix  = "arXiv",
      primaryClass   = "hep-ph",
      SLACcitation   = "%%CITATION = ARXIV:1009.4497;%%",
}

@article{Madgraph_Alwall:2011uj,
      author         = "Alwall, Johan and Herquet, Michel and Maltoni, Fabio and
                        Mattelaer, Olivier and Stelzer, Tim",
      title          = "{MadGraph 5 : Going Beyond}",
      journal        = "JHEP",
      volume         = "06",
      pages          = "128",
      doi            = "10.1007/JHEP06(2011)128",
      year           = "2011",
      eprint         = "1106.0522",
      archivePrefix  = "arXiv",
      primaryClass   = "hep-ph",
      reportNumber   = "FERMILAB-PUB-11-448-T",
      SLACcitation   = "%%CITATION = ARXIV:1106.0522;%%",
}
@article{MG5_aMCNLO, 
      author         = "Alwall, J. and Frederix, R. and Frixione, S. and Hirschi,
                        V. and Maltoni, F. and Mattelaer, O. and Shao, H. -S. and
                        Stelzer, T. and Torrielli, P. and Zaro, M.",
      title          = "{The automated computation of tree-level and
                        next-to-leading order differential cross sections, and
                        their matching to parton shower simulations}",
      journal        = "JHEP",
      volume         = "07",
      year           = "2014",
      pages          = "079",
      doi            = "10.1007/JHEP07(2014)079",
      eprint         = "1405.0301",
      archivePrefix  = "arXiv",
      primaryClass   = "hep-ph",
      reportNumber   = "CERN-PH-TH-2014-064, CP3-14-18, LPN14-066, MCNET-14-09,
                        ZU-TH-14-14",
      SLACcitation   = "%%CITATION = ARXIV:1405.0301;%%"
}


@article{Pythia6-0,
      author         = "Sj{\"{o}}strand, Torbj{\"{o}}rn and Mrenna, Stephen and Skands, Peter",
      title          = "{PYTHIA 6.4 Physics and Manual}",
      journal        = "JHEP",
      volume         = "05",
      year           = "2006",
      doi            = "10.1088/1126-6708/2006/05/026",
      eprint         = "hep-ph/0603175",
      archivePrefix  = "arXiv",
      primaryClass   = "hep-ph",
      reportNumber   = "FERMILAB-PUB-06-052-CD-T, LU-TP-06-13",
      SLACcitation   = "%%CITATION = HEP-PH/0603175;%%"
}


@article{HiggsdiscoveryAtlas,
      author         = "Aad, Georges and others",
      title          = "{Observation of a new particle in the search for the
                        Standard Model Higgs boson with the ATLAS detector at the
                        LHC}",
      collaboration  = "ATLAS",
      pages          = "01", 
      journal        = "Phys. Lett. B",
      volume         = "716",
      doi            = "10.1016/j.physletb.2012.08.020",
      year           = "2012",
      eprint         = "1207.7214",
      archivePrefix  = "arXiv",
      primaryClass   = "hep-ex",
      reportNumber   = "CERN-PH-EP-2012-218",
      SLACcitation   = "%%CITATION = ARXIV:1207.7214;%%",
}

@article{Chatrchyan:2012ufa,
      author         = "Chatrchyan, Serguei and others",
      title          = "{Observation of a new boson at a mass of 125 GeV with the
                        CMS experiment at the LHC}",
      collaboration  = "{CMS}",
      journal        = "Phys. Lett. B",
      volume         = "716",
      pages          = "30",
      doi            = "10.1016/j.physletb.2012.08.021",
      year           = "2012",
      eprint         = "1207.7235",
      archivePrefix  = "arXiv",
      primaryClass   = "hep-ex",
      reportNumber   = "CMS-HIG-12-028, CERN-PH-EP-2012-220",
      SLACcitation   = "%%CITATION = ARXIV:1207.7235;%%",
}

@article{Khachatryan:2014jba,
      author         = "Khachatryan, Vardan and others",
      title          = "{Precise determination of the mass of the Higgs boson and
                        tests of compatibility of its couplings with the standard
                        model predictions using proton collisions at 7 and 8 TeV}",
      collaboration  = "CMS Collaboration",
      year           = "2014",
      eprint         = "1412.8662",
      archivePrefix  = "arXiv",
      primaryClass   = "hep-ex",
      reportNumber   = "CMS-HIG-14-009, CERN-PH-EP-2014-288",
      SLACcitation   = "%%CITATION = ARXIV:1412.8662;%%",
}

@article{Ellis:2013lra,
      author         = "Ellis, John and You, Tevong",
      title          = "{Updated Global Analysis of Higgs Couplings}",
      journal        = "JHEP",
      volume         = "06",
      pages          = "103",
      doi            = "10.1007/JHEP06(2013)103",
      year           = "2013",
      eprint         = "1303.3879",
      archivePrefix  = "arXiv",
      primaryClass   = "hep-ph",
      reportNumber   = "KCL-PH-TH-2013-10, LCTS-2013-05, CERN-PH-TH-2013-050",
      SLACcitation   = "%%CITATION = ARXIV:1303.3879;%%",
}


@article{Randall:1999ee,
      author         = "Randall, Lisa and Sundrum, Raman",
      title          = "{A large mass hierarchy from a small extra dimension}",
      journal        = "Phys. Rev. Lett.",
      volume         = "83",
      pages          = "3370",
      doi            = "10.1103/PhysRevLett.83.3370",
      year           = "1999",
      eprint         = "hep-ph/9905221",
      archivePrefix  = "arXiv",
      primaryClass   = "hep-ph",
      reportNumber   = "MIT-CTP-2860, PUPT-1860, BUHEP-99-9",
      SLACcitation   = "%%CITATION = HEP-PH/9905221;%%",
}

@article{Gherghetta:2010cj,
      author         = "Gherghetta, Tony",
      title          = "{TASI Lectures on a Holographic View of Beyond the
                        Standard Model Physics}",
      year           = "2010",
      eprint         = "1008.2570",
      archivePrefix  = "arXiv",
      primaryClass   = "hep-ph",
      SLACcitation   = "%%CITATION = ARXIV:1008.2570;%%",
}

@article{Goldberger:1999uk,
      author         = "Goldberger, Walter D. and Wise, Mark B.",
      title          = "{Modulus stabilization with bulk fields}",
      journal        = "Phys. Rev. Lett.",
      volume         = "83",
      pages          = "4922",
      doi            = "10.1103/PhysRevLett.83.4922",
      year           = "1999",
      eprint         = "hep-ph/9907447",
      archivePrefix  = "arXiv",
      primaryClass   = "hep-ph",
      reportNumber   = "CALT-68-2232",
      SLACcitation   = "%%CITATION = HEP-PH/9907447;%%",
}

@article{Dominici:2002jv,
      author         = "Dominici, Daniele and Grzadkowski, Bohdan and Gunion,
                        John F. and Toharia, Manuel",
      title          = "{The Scalar sector of the Randall-Sundrum model}",
      journal        = "Nucl. Phys. B",
      volume         = "671",
      pages          = "243",
      doi            = "10.1016/j.nuclphysb.2003.08.020",
      year           = "2003",
      eprint         = "hep-ph/0206192",
      archivePrefix  = "arXiv",
      primaryClass   = "hep-ph",
      reportNumber   = "UCD-02-08",
      SLACcitation   = "%%CITATION = HEP-PH/0206192;%%",
}

@article{Maitra:2013cta,
      author         = "Maitra, Ushoshi and Mukhopadhyaya, Biswarup and SenGupta,
                        Soumitra",
      title          = "{Reconciling small radion vacuum expectation values with
                        massive gravitons in an Einstein-Gauss-Bonnet warped
                        geometry scenario}",
      year           = "2013",
      eprint         = "1307.3018",
      archivePrefix  = "arXiv",
      primaryClass   = "hep-ph",
      SLACcitation   = "%%CITATION = ARXIV:1307.3018;%%",
}



@article{Giudice:1998ck,
      author         = "Giudice, Gian F. and Rattazzi, Riccardo and Wells, James
                        D.",
      title          = "{Quantum gravity and extra dimensions at high-energy
                        colliders}",
      journal        = "Nucl. Phys. B",
      volume         = "544",
      pages          = "03",
      doi            = "10.1016/S0550-3213(99)00044-9",
      year           = "1999",
      eprint         = "hep-ph/9811291",
      archivePrefix  = "arXiv",
      primaryClass   = "hep-ph",
      reportNumber   = "CERN-TH-98-354",
      SLACcitation   = "%%CITATION = HEP-PH/9811291;%%",
}

@article{Giudice:2000av,
      author         = "Giudice, Gian F. and Rattazzi, Riccardo and Wells, James
                        D.",
      title          = "{Graviscalars from higher dimensional metrics and
                        curvature Higgs mixing}",
      journal        = "Nucl. Phys. B",
      volume         = "595",
      pages          = "250",
      doi            = "10.1016/S0550-3213(00)00686-6",
      year           = "2001",
      eprint         = "hep-ph/0002178",
      archivePrefix  = "arXiv",
      primaryClass   = "hep-ph",
      reportNumber   = "CERN-TH-2000-051, SNS-PH-2000-03, UCD-2000-7, LBNL-45201,
                        LBL-45201",
      SLACcitation   = "%%CITATION = HEP-PH/0002178;%%",
}

@article{Csaki:2000zn,
      author         = "Csaki, Csaba and Graesser, Michael L. and Kribs, Graham
                        D.",
      title          = "{Radion dynamics and electroweak physics}",
      journal        = "Phys. Rev. D",
      volume         = "63",
      pages          = "065002",
      doi            = "10.1103/PhysRevD.63.065002",
      year           = "2001",
      eprint         = "hep-th/0008151",
      archivePrefix  = "arXiv",
      primaryClass   = "hep-th",
      reportNumber   = "SCIPP-00-27",
      SLACcitation   = "%%CITATION = HEP-TH/0008151;%%",
}

@article{Frank:2013un,
      author         = "Frank, Mariana and Pourtolami, Nima and Toharia, Manuel",
      title          = "{Higgs Bosons in Warped Space, from the Bulk to the
                        Brane}",
      doi            = "10.1103/PhysRevD.87.096003",
      year           = "2013",
      eprint         = "1301.7692",
      archivePrefix  = "arXiv",
      primaryClass   = "hep-ph",
      reportNumber   = "CUMQ-HEP-171",
      SLACcitation   = "%%CITATION = ARXIV:1301.7692;%%",
}

@article{Contino:2003ve,
      author         = "Contino, Roberto and Nomura, Yasunori and Pomarol, Alex",
      title          = "{Higgs as a holographic pseudoGoldstone boson}",
      journal        = "Nucl. Phys. B",
      volume         = "671",
      pages          = "148",
      doi            = "10.1016/j.nuclphysb.2003.08.027",
      year           = "2003",
      eprint         = "hep-ph/0306259",
      archivePrefix  = "arXiv",
      primaryClass   = "hep-ph",
      reportNumber   = "FT-UAM-03-11, FERMILAB-PUB-03-195-T, UAB-FT-549",
      SLACcitation   = "%%CITATION = HEP-PH/0306259;%%",
}

@article{Agashe:2007zd,
      author         = "Agashe, Kaustubh and Davoudiasl, Hooman and Perez, Gilad
                        and Soni, Amarjit",
      title          = "{Warped Gravitons at the LHC and Beyond}",
      journal        = "Phys. Rev. D",
      volume         = "76",
      pages          = "036006",
      doi            = "10.1103/PhysRevD.76.036006",
      year           = "2007",
      eprint         = "hep-ph/0701186",
      archivePrefix  = "arXiv",
      primaryClass   = "hep-ph",
      reportNumber   = "SU-4252-843, BNL-HET-07-3, YITP-SB-07-02",
      SLACcitation   = "%%CITATION = HEP-PH/0701186;%%",
}

@article{2hdmextensions,
      author         = "Bertuzzo, Enrico and Ray, Tirtha Sankar and de Sandes,
                        Hiroshi and Savoy, Carlos A.",
      title          = "{On Composite Two Higgs Doublet Models}",
      journal        = "JHEP",
      volume         = "05",
      pages          = "153",
      doi            = "10.1007/JHEP05(2013)153",
      year           = "2013",
      eprint         = "1206.2623",
      archivePrefix  = "arXiv",
      primaryClass   = "hep-ph",
      SLACcitation   = "%%CITATION = ARXIV:1206.2623;%%",
}

@article{Barbieri:2013nka,
      author         = "Barbieri, Riccardo and Buttazzo, Dario and Kannike,
                        Kristjan and Sala, Filippo and Tesi, Andrea",
      title          = "{One or more Higgs bosons?}",
      journal        = "Phys. Rev. D",
      volume         = "88",
      year           = "2013",
      pages          = "055011",
      doi            = "10.1103/PhysRevD.88.055011",
      eprint         = "1307.4937",
      archivePrefix  = "arXiv",
      primaryClass   = "hep-ph",
      reportNumber   = "CERN-PH-TH-2013-170",
      SLACcitation   = "%%CITATION = ARXIV:1307.4937;%%"
}

@article{Agashe:2012zq,
      author         = "Agashe, Kaustubh and Cui, Yanou and Franceschini,
                        Roberto",
      title          = "{Natural Islands for a 125 GeV Higgs in the
                        scale-invariant NMSSM}",
      journal        = "JHEP",
      volume         = "02",
      pages          = "031",
      doi            = "10.1007/JHEP02(2013)031",
      year           = "2013",
      eprint         = "1209.2115",
      archivePrefix  = "arXiv",
      primaryClass   = "hep-ph",
      reportNumber   = "UMD-PP-012-021",
      SLACcitation   = "%%CITATION = ARXIV:1209.2115;%%",
}

@article{Barbieri:2013hxa,
      author         = "Barbieri, Riccardo and Buttazzo, Dario and Kannike,
                        Kristjan and Sala, Filippo and Tesi, Andrea",
      title          = "{Exploring the Higgs sector of a most natural NMSSM}",
      journal        = "Phys. Rev. D",
      pages          = "115018",
      volume         = "87",
      doi            = "10.1103/PhysRevD.87.115018",
      year           = "2013",
      eprint         = "1304.3670",
      archivePrefix  = "arXiv",
      primaryClass   = "hep-ph",
      SLACcitation   = "%%CITATION = ARXIV:1304.3670;%%",
}

@article{DaRold:2005zs,
      author         = "Da Rold, Leandro and Pomarol, Alex",
      title          = "{Chiral symmetry breaking from five dimensional spaces}",
      journal        = "Nucl. Phys. B",
      volume         = "721",
      pages          = "79",
      doi            = "10.1016/j.nuclphysb.2005.05.009",
      year           = "2005",
      eprint         = "hep-ph/0501218",
      archivePrefix  = "arXiv",
      primaryClass   = "hep-ph",
      reportNumber   = "UAB-FT-578",
      SLACcitation   = "%%CITATION = HEP-PH/0501218;%%",
}

@article{Hirn:2006nt,
      author         = "Hirn, Johannes and Sanz, Veronica",
      title          = "{A Negative S parameter from holographic technicolor}",
      journal        = "Phys. Rev. Lett.",
      volume         = "97",
      pages          = "121803",
      doi            = "10.1103/PhysRevLett.97.121803",
      year           = "2006",
      eprint         = "hep-ph/0606086",
      archivePrefix  = "arXiv",
      primaryClass   = "hep-ph",
      reportNumber   = "FTUV-06-0608, UG-FT-206-06, CAFPE-76-06",
      SLACcitation   = "%%CITATION = HEP-PH/0606086;%%",
}

@article{Bardeen:1985sm,
      author         = "Bardeen, William A. and Leung, Chung Ngoc and Love, S.T.",
      title          = "{The Dilaton and Chiral Symmetry Breaking}",
      journal        = "Phys. Rev. Lett.",
      volume         = "56",
      pages          = "1230",
      doi            = "10.1103/PhysRevLett.56.1230",
      year           = "1986",
      reportNumber   = "FERMILAB-PUB-85-172-T, PURD-TH-85-16",
      SLACcitation   = "%%CITATION = PRLTA,56,1230;%%",
}

@article{Callan:1969sn,
      author         = "Callan, Curtis G., Jr. and Coleman, Sidney R. and Wess,
                        J. and Zumino, Bruno",
      title          = "{Structure of phenomenological Lagrangians. 2.}",
      journal        = "Phys. Rev.",
      volume         = "177",
      pages          = "2247",
      doi            = "10.1103/PhysRev.177.2247",
      year           = "1969",
      SLACcitation   = "%%CITATION = PHRVA,177,2247;%%",
}

@article{Coleman:1969sm,
      author         = "Coleman, Sidney R. and Wess, J. and Zumino, Bruno",
      title          = "{Structure of phenomenological Lagrangians. 1.}",
      journal        = "Phys. Rev.",
      volume         = "177",
      pages          = "2239",
      doi            = "10.1103/PhysRev.177.2239",
      year           = "1969",
      SLACcitation   = "%%CITATION = PHRVA,177,2239;%%",
}

@article{Martin:1997ns,
      author         = "Martin, Stephen P.",
      title          = "{A Supersymmetry primer}",
      year           = "1997",
      eprint         = "hep-ph/9709356",
      archivePrefix  = "arXiv",
      primaryClass   = "hep-ph",
      SLACcitation   = "%%CITATION = HEP-PH/9709356;%%",
}


@techreport{AN-2012-349,
	author = "VH Hbb group",
	title = "VHbb analysis note",
	year = "2012",
	institution = "AN 2012-349"
}

@techreport{AN-2012-395,
	author = "VBF Hbb group",
	title = "VBF Hbb analysis note",
	year = "2012",
	institution = "AN 2012-395"
}

@article{Gunion:2002zf,
      author         = "Gunion, John F. and Haber, Howard E.",
      title          = "{The CP conserving two Higgs doublet model: The Approach
                        to the decoupling limit}",
      journal        = "Phys. Rev. D",
      volume         = "67",
      pages          = "075019",
      doi            = "10.1103/PhysRevD.67.075019",
      year           = "2003",
      eprint         = "hep-ph/0207010",
      archivePrefix  = "arXiv",
      primaryClass   = "hep-ph",
      reportNumber   = "SCIPP-02-10",
      SLACcitation   = "%%CITATION = HEP-PH/0207010;%%",
}

@article{Martin:2009iq,
      author         = "Martin, A.D. and Stirling, W.J. and Thorne, R.S. and
                        Watt, G.",
      title          = "{Parton distributions for the LHC}",
      journal        = "Eur. Phys. J. C",
      volume         = "63",
      pages          = "189",
      doi            = "10.1140/epjc/s10052-009-1072-5",
      year           = "2009",
      eprint         = "0901.0002",
      archivePrefix  = "arXiv",
      primaryClass   = "hep-ph",
      reportNumber   = "IPPP-08-95, DCPT-08-190, CAVENDISH-HEP-08-16",
      SLACcitation   = "%%CITATION = ARXIV:0901.0002;%%",
}

@article{Martin:2009bu,
      author         = "Martin, A.D. and Stirling, W.J. and Thorne, R.S. and
                        Watt, G.",
      title          = "{Uncertainties on alpha(S) in global PDF analyses and
                        implications for predicted hadronic cross sections}",
      journal        = "Eur. Phys. J. C",
      volume         = "64",
      pages          = "653",
      doi            = "10.1140/epjc/s10052-009-1164-2",
      year           = "2009",
      eprint         = "0905.3531",
      archivePrefix  = "arXiv",
      primaryClass   = "hep-ph",
      reportNumber   = "IPPP-09-33, DCPT-09-66, CAVENDISH-HEP-09-06",
      SLACcitation   = "%%CITATION = ARXIV:0905.3531;%%",
}


@article{Chatrchyan:2013yoa,
      author         = "Chatrchyan, Serguei and others",
      title          = "{Search for a standard-model-like Higgs boson with a mass
                        in the range 145 to 1000 GeV at the LHC}",
      collaboration  = "CMS",
      journal        = "Eur. Phys. J. C",
      volume         = "73",
      pages          = "2469",
      doi            = "10.1140/epjc/s10052-013-2469-8",
      year           = "2013",
      eprint         = "1304.0213",
      archivePrefix  = "arXiv",
      primaryClass   = "hep-ex",
      reportNumber   = "CMS-HIG-12-034, CERN-PH-EP-2013-050",
      SLACcitation   = "%%CITATION = ARXIV:1304.0213;%%",
}

@article{Hdiscovery,
      author         = "CMS Collaboration",
      title          = "{Observation of a new boson with mass near 125 GeV in $\Pp\Pp$ collisions at 
                       $\sqrt{s} =$ 7 and 8 TeV}",
      collaboration  = "CMS",
      journal        = "JHEP",
      volume         = "06",
      pages          = "081",
      doi            = "10.1007/JHEP06(2013)081",
      year           = "2013",
      eprint         = "1303.4571",
      archivePrefix  = "arXiv",
      primaryClass   = "hep-ex"
}

@article{FTest,
author = {internet wikipedia page on F-Test},
title = "http://en.wikipedia.org/wiki/F-test"
}

@techreport{CMS-PAS-JME-13-005,
      author       = "CMS Collaboration", 
      title        = "Pileup Jet Identification",
      institution  = "CERN",
      number       = "CMS-PAS-JME-13-005",
      year         = "2013"
}


@techreport{Heinemeyer:2013tqa,
      author        = "Heinemeyer, S and others",
      title         = "{Handbook of LHC Higgs Cross Sections: 3. Higgs
                       Properties: Report of the LHC Higgs Cross Section Working
                       Group}",
      collaboration = "LHC Higgs Cross Section Working Group",
      number        = "arXiv:1307.1347. CERN-2013-004",
      year          = "2013",
      reportNumber  = "arXiv:1307.1347",
      url           = "http://cds.cern.ch/record/1559921",
      note          = "Comments: 404 pages, 139 figures, to be submitted to CERN
                       Report. Working Group web page:
                       https://twiki.cern.ch/twiki/bin/view/LHCPhysics/CrossSections",
      institution   = "CERN", 
} 

@article{Fitzpatrick:2007qr,
      author         = "Fitzpatrick, A. Liam and Kaplan, Jared and Randall, Lisa
                        and Wang, Lian-Tao",
      title          = "{Searching for the Kaluza-Klein Graviton in Bulk RS
                        Models}",
      journal        = "JHEP",
      volume         = "09",
      pages          = "013",
      doi            = "10.1088/1126-6708/2007/09/013",
      year           = "2007",
      eprint         = "hep-ph/0701150",
      archivePrefix  = "arXiv",
      primaryClass   = "hep-ph",
      SLACcitation   = "%%CITATION = HEP-PH/0701150;%%",
}

@article{HbbLegacy,
      author         = "Chatrchyan, Serguei and others",
      title          = "{Search for the standard model Higgs boson produced in
                        association with a W or a Z boson and decaying to bottom
                        quarks}",
      collaboration  = "CMS",
      journal        = "Phys. Rev. D",
      volume         = "89",
      year           = "2014",
      pages          = "012003",
      doi            = "10.1103/PhysRevD.89.012003",
      eprint         = "1310.3687",
      archivePrefix  = "arXiv",
      primaryClass   = "hep-ex",
      reportNumber   = "CMS-HIG-13-012, CERN-PH-EP-2013-188",
      SLACcitation   = "%%CITATION = ARXIV:1310.3687;%%"
}

@article{antiKtAlgorithm,
      author         = "Cacciari, Matteo and Salam, Gavin P. and Soyez, Gregory",
      title          = "{The anti-$k_t$ jet clustering algorithm}",
      journal        = "JHEP",
      volume         = "04",
      year           = "2008",
      pages          = "063",
      doi            = "10.1088/1126-6708/2008/04/063",
      eprint         = "0802.1189",
      archivePrefix  = "arXiv",
      primaryClass   = "hep-ph",
      reportNumber   = "LPTHE-07-03",
      SLACcitation   = "%%CITATION = ARXIV:0802.1189;%%"
}


@article{Cacciari:2011ma,
	Archiveprefix = {arXiv},
	Author = {Cacciari, Matteo and Salam, Gavin P. and Soyez, Gregory},
	Doi = {10.1140/epjc/s10052-012-1896-2},
	Eprint = {1111.6097},
	Journal = {Eur. Phys. J. C},
	Pages = {1896},
	Primaryclass = {hep-ph},
	Reportnumber = {CERN-PH-TH-2011-297},
	Review = {fastjet Reference},
	Slaccitation = {%%CITATION = ARXIV:1111.6097;%%},
	Title = {{FastJet} User Manual},
	Volume = {72},
	Year = {2012},
	Bdsk-Url-1 = {http://dx.doi.org/10.1140/epjc/s10052-012-1896-2}}

@ARTICLE{JINST6,
      author         = "Chatrchyan, Serguei and others",
      title          = "{Determination of Jet Energy Calibration and Transverse
                        Momentum Resolution in CMS}",
      collaboration  = "CMS",
      journal        = "JINST",
      volume         = "6",
      pages          = "P11002",
      doi            = "10.1088/1748-0221/6/11/P11002",
      year           = "2011",
      eprint         = "1107.4277",
      archivePrefix  = "arXiv",
      primaryClass   = "physics.ins-det",
      reportNumber   = "CERN-PH-EP-2011-102, CMS-JME-10-011",
      SLACcitation   = "%%CITATION = ARXIV:1107.4277;%%",
}

@article{BTV,
      author         = "Chatrchyan, Serguei and others",
      title          = "{Identification of b-quark jets with the CMS experiment}",
      collaboration  = "CMS",
      journal        = "JINST",
      volume         = "8",
      year           = "2013",
      pages          = "P04013",
      doi            = "10.1088/1748-0221/8/04/P04013",
      eprint         = "1211.4462",
      archivePrefix  = "arXiv",
      primaryClass   = "hep-ex",
      reportNumber   = "CMS-BTV-12-001, CERN-PH-EP-2012-262",
      SLACcitation   = "%%CITATION = ARXIV:1211.4462;%%"
}

@article{Agostinelli:2002hh,
      author         = "Agostinelli, S. and others",
      title          = "{GEANT4 -- a simulation toolkit}",
      collaboration  = "GEANT4",
      journal        = "Nucl. Instrum. Meth. A",
      volume         = "506",
      pages          = "250",
      doi            = "10.1016/S0168-9002(03)01368-8",
      year           = "2003",
      reportNumber   = "SLAC-PUB-9350, FERMILAB-PUB-03-339",
      SLACcitation   = "%%CITATION = NUIMA,A506,250;%%",                                                            
}
%                                                                                                                   
@article{GEANT,
      author         = "Allison, John and others",
      title          = "{Geant4 developments and applications}",
      journal        = "IEEE Trans. Nucl. Sci.",
      volume         = "53",
      pages          = "270",
      doi            = "10.1109/TNS.2006.869826",
      year           = "2006",
      reportNumber   = "SLAC-PUB-11870",
      SLACcitation   = "%%CITATION = IETNA,53,270;%%",                                                              
}

@article{CMS-PF-GED,
      author         = "Sirunyan, Albert M and others",
      title          = "{Particle-flow reconstruction and global event
                        description with the CMS detector}",
      collaboration  = "CMS",
      year           = "2017",
      eprint         = "1706.04965",
      archivePrefix  = "arXiv",
      primaryClass   = "physics.ins-det",
      note           = "Submitted to JINST",
      reportNumber   = "CMS-PRF-14-001, CERN-EP-2017-110",
      SLACcitation   = "%%CITATION = ARXIV:1706.04965;%%"
}

@TECHREPORT{PFPAS2009,
     AUTHOR        = "{CMS Collaboration}",
     COLLABORATION = {CMS},
	   Title         = {Particle--Flow Event Reconstruction in {CMS} and Performance for Jets, Taus, and \MET},
	   Url           = {http://cdsweb.cern.ch/record/1194487},
     TYPE          = "CMS Physics Analysis Summary",
	   Number        = {CMS-PAS-PFT-09-001},
	   Year          = {2009}, 
     institution   = "CERN", 
}

@article{ECALpaper,
      author         = "Chatrchyan, Serguei and others",
      title          = "{Energy Calibration and Resolution of the CMS
                        Electromagnetic Calorimeter in $\Pp\Pp$ Collisions at
                        $\sqrt{s} = 7$ TeV}",
      collaboration  = "CMS",
      journal        = "JINST",
      volume         = "8",
      year           = "2013",
      pages          = "P09009",
      doi            = "10.1088/1748-0221/8/09/P09009",
      eprint         = "1306.2016",
      archivePrefix  = "arXiv",
      primaryClass   = "hep-ex",
      reportNumber   = "CMS-EGM-11-001, CERN-PH-EP-2013-097",
      SLACcitation   = "%%CITATION = ARXIV:1306.2016;%%"
}

@article{HggLegacy,
      author        = "{CMS Collaboration}",
      COLLABORATION = {CMS},
      title         = "Observation, and measurement, of the two photon decay of the Higgs boson at 125~GeV.",
      journal       = "IN PREPARATION"
}

@article{Gomez-Ceballos:2013zzn,
      author         = "Bicer, M. and Duran Yildiz, H. and Yildiz, I. and
                        Coignet, G. and Delmastro, M. and others",
      title          = "{First Look at the Physics Case of TLEP}",
      year           = "2013",
      eprint         = "1308.6176",
      archivePrefix  = "arXiv",
      primaryClass   = "hep-ex",
      SLACcitation   = "%%CITATION = ARXIV:1308.6176;%%",
}

@techreport{Liss:1564937,
      author       = "Liss, A and Nielsen, J",
      title        = "Physics at a High-Luminosity LHC with ATLAS",
      number       = "ATL-PHYS-PUB-2013-007",
      year         = "2013",
}

@techreport{CMS-PAS-FTR-13-001,
      author       = "CMS Collaboration", 
      title        = "HH to bb$\gamma\gamma$",
      number       = "CMS-PAS-FTR-13-001",
      year         = "2013",
}

@article{Baer:2013cma,
      author         = "Baer, Howard and Barklow, Tim and Fujii, Keisuke and Gao,
                        Yuanning and Hoang, Andre and others",
      editor         = "Baer, Howard",
      title          = "{The International Linear Collider Technical Design
                        Report - Volume 2: Physics}",
      year           = "2013",
      eprint         = "1306.6352",
      archivePrefix  = "arXiv",
      primaryClass   = "hep-ph",
      reportNumber   = "ILC-REPORT-2013-040, ANL-HEP-TR-13-20,
                        BNL-100603-2013-IR, IRFU-13-59, CERN-ATS-2013-037,
                        COCKCROFT-13-10, CLNS-13-2085, DESY-13-062,
                        FERMILAB-TM-2554, IHEP-AC-ILC-2013-001, INFN-13-04-LNF,
                        JAI-2013-001, JINR-E9-2013-35, JLAB-R-2013-01,
                        KEK-REPORT-2013-1, KNU-CHEP-ILC-2013-1, LLNL-TR-635539,
                        SLAC-R-1004, ILC-HIGRADE-REPORT-2013-003",
      SLACcitation   = "%%CITATION = ARXIV:1306.6352;%%",
}


@article{deFlorian:2013jea,
      author         = "de Florian, Daniel and Mazzitelli, Javier",
      title          = "{Higgs Boson Pair Production at Next-to-Next-to-Leading
                        Order in QCD}",
      journal        = "Phys. Rev. Lett.",
      volume         = "111",
      year           = "2013",
      pages          = "201801",
      doi            = "10.1103/PhysRevLett.111.201801",
      eprint         = "1309.6594",
      archivePrefix  = "arXiv",
      primaryClass   = "hep-ph",
      SLACcitation   = "%%CITATION = ARXIV:1309.6594;%%"
}



@article{FlorianPrivate,
      author         = "de Florian, Daniel and Mazzitelli, Javier",
      title          = "{Private comunnication}"
}

@article{Gleisberg:2008ta,
      author         = "Gleisberg, T. and Hoeche, Stefan. and Krauss, F. and
                        Schonherr, M. and Schumann, S. and  Siegert, F. and Winter, J.",
      title          = "{Event generation with SHERPA 1.1}",
      journal        = "JHEP",
      volume         = "02",
      pages          = "007",
      doi            = "10.1088/1126-6708/2009/02/007",
      year           = "2009",
      eprint         = "0811.4622",
      archivePrefix  = "arXiv",
      primaryClass   = "hep-ph",
      reportNumber   = "FERMILAB-PUB-08-477-T, SLAC-PUB-13420, ZU-TH-17-08,
                        DCPT-08-138, IPPP-08-69, EDINBURGH-2008-30, MCNET-08-14",
      SLACcitation   = "%%CITATION = ARXIV:0811.4622;%%",
}

@article{CLS1,
      author         = "Read, Alexander L.",
      title          = "{Presentation of search results: The CL(s) technique}",
      booktitle      = "{Advanced Statistical Techniques in Particle Physics.
                        Proceedings, Conference, Durham, UK, March 18-22, 2002}",
      journal        = "J. Phys. G",
      volume         = "28",
      year           = "2002",
      pages          = "2693",
      doi            = "10.1088/0954-3899/28/10/313",
      SLACcitation   = "%%CITATION = JPAGA,G28,2693;%%", 
}

@article{CLS2,
      author         = "T. Junk",
      title          = "{Confidence level computation for combining searches with small statistics}",
      journal        = "Nucl. Instrum. Meth. A",
      volume         = "434",
      pages          = "435",
      eprint         = "hep-ex/9902006",
      archivePrefix  = "arXiv",
      primaryClass   = "hep-ex",
      doi            = "10.1016/S0168-9002(99)00498-2",
      year           = "1999"
}

@UNPUBLISHED{Dittmaier:2011ti,
      author         = "Dittmaier, S. and others",
      title          = "{Handbook of LHC Higgs Cross Sections: 1. Inclusive
                        Observables}",
      collaboration  = "LHC Higgs Cross Section Working Group",
      doi            = "10.5170/CERN-2011-002",
      year           = "2011",
      eprint         = "1101.0593",
      archivePrefix  = "arXiv",
      primaryClass   = "hep-ph",
      reportNumber   = "CERN-2011-002",
      SLACcitation   = "%%CITATION = ARXIV:1101.0593;%%"
}


@article{Chatrchyan:2013mxa,
      author         = "Chatrchyan, Serguei and others",
      title          = "{Measurement of the properties of a Higgs boson in the
                        four-lepton final state}",
      collaboration  = "CMS",
      year           = "2013",
      eprint         = "1312.5353",
      archivePrefix  = "arXiv",
      primaryClass   = "hep-ex",
      reportNumber   = "CMS-HIG-13-002, CERN-PH-EP-2013-220",
      SLACcitation   = "%%CITATION = ARXIV:1312.5353;%%",
}

@techreport{CMS-PAS-HIG-14-009,
      title         = "{Precise determination of the mass of the Higgs boson
and
                       studies of the compatibility of its couplings with the
                       standard model}",
      collaboration = "CMS",
      number        = "CMS-PAS-HIG-14-009",
      year          = "2014",
}

@techreport{CMS-PAS-HIG-13-001,
      title         = "{Updated measurements of the Higgs boson at 125 GeV in the
                       two photon decay channel}",
      collaboration = "CMS",
      number        = "CMS-PAS-HIG-13-001",
      year          = "2013",
      TYPE          = "CMS Physics Analysis Summary"
}

@techreport{CMS-PAS-EGM-10-005,
      AUTHOR        = "{CMS Collaboration}",
      title         = "{Photon reconstruction and identification at $\sqrt{s} = 7$
                       TeV}",
      URL           = "http://cds.cern.ch/record/1279143?ln=en",
      TYPE          = "CMS Physics Analysis Summary",
      collaboration = "CMS",
      number        = "CMS-PAS-EGM-10-005",
      year          = "2010"
}

@techreport{CMS-PAS-EGM-10-006,
      author        = "CMS Collaboration",
      title         = "Isolated Photon Reconstruction and Identification at
                       $\sqrt{s} = 7$ TeV",
      collaboration = "CMS",
      number        = "CMS-PAS-EGM-10-006",
      year          = "2011",
      type           = "CMS Physics Analysis Summary",
      url           = "http://cds.cern.ch/record/1324545"
}


@article{Cooper:2013kia,
      author         = "Cooper, Ben and Konstantinidis, Nikos and Lambourne, Luke
                        and Wardrope, David",
      title          = "{Boosted $hh \rightarrow b\bar{b}b\bar{b}$: a new
                        topology in searches for TeV-scale resonances at the LHC}",
      journal        = "Phys. Rev. D",
      volume         = "88",
      pages          = "114005",
      doi            = "10.1103/PhysRevD.88.114005",
      year           = "2013",
      eprint         = "1307.0407",
      archivePrefix  = "arXiv",
      primaryClass   = "hep-ex",
      SLACcitation   = "%%CITATION = ARXIV:1307.0407;%%",
}

@article{deSandes:2011zs,
      author         = "de Sandes, Hiroshi and Rosenfeld, Rogerio",
      title          = "{Radion-Higgs mixing effects on bounds from LHC Higgs
                        Searches}",
      journal        = "Phys. Rev. D",
      volume         = "85",
      pages          = "053003",
      doi            = "10.1103/PhysRevD.85.053003",
      year           = "2012",
      eprint         = "1111.2006",
      archivePrefix  = "arXiv",
      primaryClass   = "hep-ph",
      SLACcitation   = "%%CITATION = ARXIV:1111.2006;%%",
}

@article{Barger:2011qn,
      author         = "Barger, Vernon and Ishida, Muneyuki",
      title          = "{Randall-Sundrum Reality at the LHC}",
      journal        = "Phys. Lett. B",
      volume         = "709",
      pages          = "185",
      doi            = "10.1016/j.physletb.2012.01.073",
      year           = "2012",
      eprint         = "1110.6452",
      archivePrefix  = "arXiv",
      primaryClass   = "hep-ph",
      SLACcitation   = "%%CITATION = ARXIV:1110.6452;%%",
}

@article{HiggsCrossSection,
author = {higgs cross section working group},
title = "https://twiki.cern.ch/twiki/bin/view/LHCPhysics/CrossSections"
}

@article{Butterworth:2015oua,
      author={Jon Butterworth and Stefano Carrazza and Amanda Cooper-Sarkar and Albert De Roeck and Jo\"el Feltesse and Stefano Forte and Jun Gao and Sasha Glazov and Joey Huston and Zahari Kassabov and Ronan McNulty and Andreas Morsch and Pavel Nadolsky and Voica Radescu and Juan Rojo and Robert Thorne},
      title          = "{PDF4LHC recommendations for LHC Run II}",
      journal        = "J. Phys. G",
      volume         = "43",
      year           = "2016",
      pages          = "023001",
      doi            = "10.1088/0954-3899/43/2/023001",
      archivePrefix  = "arXiv",
      eprint         = "1510.03865",
      reportNumber   = "OUTP-15-17P, SMU-HEP-15-12, TIF-UNIMI-2015-14,
                        LCTS-2015-27, CERN-PH-TH-2015-249",
      SLACcitation   = "%%CITATION = ARXIV:1510.03865;%%"
}

@article{Dulat:2015mca,
      author         = "Dulat, Sayipjamal and Hou, Tie Jiun and Gao, Jun and
                        Guzzi, Marco and Huston, Joey and Nadolsky, Pavel and
                        Pumplin, Jon and Schmidt, Carl and Stump, Daniel and Yuan,
                        C. P.",
      title          = "{The CT14 Global Analysis of Quantum Chromodynamics}",
      journal        = "Phys. Rev. D",
      volume         = "93",
      pages          = "033006",
      year           = "2015",
      doi            = "10.1103/PhysRevD.93.033006",
      eprint         = "1506.07443",
      archivePrefix  = "arXiv",
      primaryClass   = "hep-ph",
      SLACcitation   = "%%CITATION = ARXIV:1506.07443;%%"
}

@article{Harland-Lang:2014zoa,
      author         = "Harland-Lang, L. A. and Martin, A. D. and Motylinski, P.
                        and Thorne, R. S.",
      title          = "{Parton distributions in the LHC era: MMHT 2014 PDFs}",
      journal        = "Eur. Phys. J. C",
      volume         = "75",
      year           = "2015",
      pages          = "204",
      doi            = "10.1140/epjc/s10052-015-3397-6",
      eprint         = "1412.3989",
      archivePrefix  = "arXiv",
      primaryClass   = "hep-ph",
      reportNumber   = "LCTS-2014-47, IPPP-14-97, DCPT-14-194",
      SLACcitation   = "%%CITATION = ARXIV:1412.3989;%%"
}


@article{Carrazza:2015hva,
      author         = "Carrazza, Stefano and Latorre, José I. and Rojo, Juan
                        and Watt, Graeme",
      title          = "{A compression algorithm for the combination of PDF
                        sets}",
      journal        = "Eur. Phys. J. C",
      volume         = "75",
      year           = "2015",
      pages          = "474",
      doi            = "10.1140/epjc/s10052-015-3703-3",
      eprint         = "1504.06469",
      archivePrefix  = "arXiv",
      primaryClass   = "hep-ph",
      reportNumber   = "TIF-UNIMI-2015-2, OUTP-15-01P, IPPP-15-22, DCPT-15-44",
      SLACcitation   = "%%CITATION = ARXIV:1504.06469;%%"
}

@article{Ball:2014uwa,
      author         = "Ball, Richard D. and others",
      title          = "{Parton distributions for the LHC Run II}",
      collaboration  = "NNPDF",
      journal        = "JHEP",
      volume         = "04",
      year           = "2015",
      pages          = "040",
      doi            = "10.1007/JHEP04(2015)040",
      eprint         = "1410.8849",
      archivePrefix  = "arXiv",
      primaryClass   = "hep-ph",
      reportNumber   = "EDINBURGH-2014-15, IFUM-1034-FT, CERN-PH-TH-2013-253,
                        OUTP-14-11P, CAVENDISH-HEP-14-11",
      SLACcitation   = "%%CITATION = ARXIV:1410.8849;%%"
} 


@article{Buckley:2014ana,
      author         = "Buckley, Andy and Ferrando, James and Lloyd, Stephen and
                        Nordström, Karl and Page, Ben and Rüfenacht, Martin and
                        Schönherr, Marek and Watt, Graeme",
      title          = "{LHAPDF6: parton density access in the LHC precision
                        era}",
      journal        = "Eur. Phys. J. C",
      volume         = "75",
      year           = "2015",
      pages          = "132",
      doi            = "10.1140/epjc/s10052-015-3318-8",
      eprint         = "1412.7420",
      archivePrefix  = "arXiv",
      primaryClass   = "hep-ph",
      reportNumber   = "GLAS-PPE-2014-05, MCNET-14-29, IPPP-14-111, DCPT-14-222",
      SLACcitation   = "%%CITATION = ARXIV:1412.7420;%%"
}

@article{Branco:2011iw,
      author         = "Branco, G.C. and Ferreira, P.M. and Lavoura, L. and
                        Rebelo, M.N. and Sher, Marc and others",
      title          = "{Theory and phenomenology of two-Higgs-doublet models}",
      journal        = "Phys. Rept.",
      volume         = "516",
      pages          = "01",
      doi            = "10.1016/j.physrep.2012.02.002",
      year           = "2012",
      eprint         = "1106.0034",
      archivePrefix  = "arXiv",
      primaryClass   = "hep-ph",
      SLACcitation   = "%%CITATION = ARXIV:1106.0034;%%",
}

@unpublished{Oliveira:2014kla,
      author         = "Oliveira, Alexandra",
      title          = "{Gravity particles from Warped Extra Dimensions, a
                        review. Part I - KK Graviton}",
      year           = "2014",
      eprint         = "1404.0102",
      archivePrefix  = "arXiv",
      primaryClass   = "hep-ph",
      SLACcitation   = "%%CITATION = ARXIV:1404.0102;%%",
      note           = "Journal submission in preparation",
}


@article{Carmona:2011ib,
      author         = "Carena, Marcela S. and Ponton, Eduardo and Santiago, Jose
                        and Wagner, C.E.M.",
      title          = "{Electroweak constraints on warped models with custodial
                        symmetry}",
      journal        = "Phys. Rev. D",
      volume         = "76",
      pages          = "035006",
      doi            = "10.1103/PhysRevD.76.035006",
      year           = "2007",
      eprint         = "hep-ph/0701055",
      archivePrefix  = "arXiv",
      primaryClass   = "hep-ph",
      reportNumber   = "FERMILAB-PUB-07-496-T, ANL-HEP-PR-07-02",
      SLACcitation   = "%%CITATION = HEP-PH/0701055;%%",
}

@article{Nadolsky:2008zw,
      author         = "Nadolsky, Pavel M. and Lai, Hung-Liang and Cao, Qing-Hong
                        and Huston, Joey and Pumplin, Jon and D. Stump and Tung, W.-K and Yuan, C.-P.",
      title          = "{Implications of CTEQ global analysis for collider
                        observables}",
      journal        = "Phys. Rev. D",
      volume         = "78",
      pages          = "013004",
      doi            = "10.1103/PhysRevD.78.013004",
      year           = "2008",
      eprint         = "0802.0007",
      archivePrefix  = "arXiv",
      primaryClass   = "hep-ph",
      reportNumber   = "MSUHEP-080125, UCRHEP-T447",
      SLACcitation   = "%%CITATION = ARXIV:0802.0007;%%",
}

@article{Mahanta:2000zp,
      author         = "Mahanta, Uma and Datta, Anindya",
      title          = "{Search prospects of light stabilized radions at Tevatron and LHC}",
      journal        = "Phys. Lett. B",
      volume         = "483",
      pages          = "196",
      doi            = "10.1016/S0370-2693(00)00560-8",
      year           = "2000",
      eprint         = "hep-ph/0002183",
      archivePrefix  = "arXiv",
      primaryClass   = "hep-ph",
      SLACcitation   = "%%CITATION = HEP-PH/0002183;%%",
}

@article{DeWolfe:1999cp,
      author         = "DeWolfe, O. and Freedman, D. Z. and Gubser, S. S. and
                        Karch, A.",
      title          = "{Modeling the fifth dimension with scalars and gravity}",
      journal        = "Phys. Rev. D",
      volume         = "62",
      pages          = "046008",
      doi            = "10.1103/PhysRevD.62.046008",
      year           = "2000",
      eprint         = "hep-th/9909134",
      archivePrefix  = "arXiv",
      primaryClass   = "hep-th",
      reportNumber   = "HUTP-99-A048, MIT-CTP-2903",
      SLACcitation   = "%%CITATION = HEP-TH/9909134;%%",
}

@article{Desai:2013pga,
      author         = "Desai, Nishita and Maitra, Ushoshi and Mukhopadhyaya,
                        Biswarup",
      title          = "{An updated analysis of radion-higgs mixing in the light
                        of LHC data}",
      journal        = "JHEP",
      volume         = "10",
      year           = "2013",
      pages          = "093",
      doi            = "10.1007/JHEP10(2013)093",
      eprint         = "1307.3765",
      archivePrefix  = "arXiv",
      primaryClass   = "hep-ph",
      SLACcitation   = "%%CITATION = ARXIV:1307.3765;%%"
}

@article{Antoniadis:2002ut,
      author         = "Antoniadis, I. and Sturani, R.",
      title          = "{Higgs graviscalar mixing in type I string theory}",
      journal        = "Nucl. Phys. B",
      volume         = "631",
      pages          = "66",
      doi            = "10.1016/S0550-3213(02)00214-6",
      year           = "2002",
      eprint         = "hep-th/0201166",
      archivePrefix  = "arXiv",
      primaryClass   = "hep-th",
      reportNumber   = "CERN-TH-2002-004, HIP-2002-01-TH",
      SLACcitation   = "%%CITATION = HEP-TH/0201166;%%",
}

@article{Davoudiasl:1999jd,
      author         = "Davoudiasl, H. and Hewett, J. L. and Rizzo, T. G.",
      title          = "{Phenomenology of the Randall-Sundrum Gauge Hierarchy
                        Model}",
      journal        = "Phys. Rev. Lett.",
      volume         = "84",
      pages          = "2080",
      doi            = "10.1103/PhysRevLett.84.2080",
      year           = "2000",
      eprint         = "hep-ph/9909255",
      archivePrefix  = "arXiv",
      primaryClass   = "hep-ph",
      reportNumber   = "SLAC-PUB-8241",
      SLACcitation   = "%%CITATION = HEP-PH/9909255;%%",
}

@article{Davoudiasl:2000wi,
      author         = "Davoudiasl, H. and Hewett, J. L. and Rizzo, T. G.",
      title          = "{Experimental probes of localized gravity: On and off the
                        wall}",
      journal        = "Phys. Rev. D",
      volume         = "63",
      pages          = "075004",
      doi            = "10.1103/PhysRevD.63.075004",
      year           = "2001",
      eprint         = "hep-ph/0006041",
      archivePrefix  = "arXiv",
      primaryClass   = "hep-ph",
      reportNumber   = "SLAC-PUB-8436",
      SLACcitation   = "%%CITATION = HEP-PH/0006041;%%",
}

@article{Csaki:1999mp,
      author         = "Csaki, Csaba and Graesser, Michael and Randall, Lisa and
                        Terning, John",
      title          = "{Cosmology of brane models with radion stabilization}",
      journal        = "Phys. Rev. D",
      volume         = "62",
      pages          = "045015",
      doi            = "10.1103/PhysRevD.62.045015",
      year           = "2000",
      eprint         = "hep-ph/9911406",
      archivePrefix  = "arXiv",
      primaryClass   = "hep-ph",
      reportNumber   = "SCIPP-99-49, HUTP-A061, NSF-ITP-99-130",
      SLACcitation   = "%%CITATION = HEP-PH/9911406;%%",
}


@article{Agashe:2003zs,
      author         = "Agashe, Kaustubh and Delgado, Antonio and May, Michael J.
                        and Sundrum, Raman",
      title          = "{RS1, custodial isospin and precision tests}",
      journal        = "JHEP",
      volume         = "08",
      pages          = "050",
      doi            = "10.1088/1126-6708/2003/08/050",
      year           = "2003",
      eprint         = "hep-ph/0308036",
      archivePrefix  = "arXiv",
      primaryClass   = "hep-ph",
      SLACcitation   = "%%CITATION = HEP-PH/0308036;%%",
}

@Article{TMVA2007, 
author	=	 "Hoecker, Andreas and Speckmayer, Peter and Stelzer, Joerg and Therhaag, Jan and von Toerne, Eckhard and Voss, Helge",
title	 = 	 "{TMVA: Toolkit for Multivariate Data Analysis}",
journal	 = 	 "PoS",
volume	 = 	 "ACAT",
year	 = 	 "2007",
pages	 = 	 "040",
eprint	 = 	 "physics/0703039",
archivePrefix	 = 	 "arXiv",
SLACcitation	 = 	 "%%CITATION = PHYSICS/0703039;%%"
}


@article{Catani:2003zt,
      author         = "Catani, Stefano and de Florian, Daniel and Grazzini,
                        Massimiliano and Nason, Paolo",
      title          = "{Soft gluon resummation for Higgs boson production at
                        hadron colliders}",
      journal        = "JHEP",
      volume         = "07",
      pages          = "028",
      doi            = "10.1088/1126-6708/2003/07/028",
      year           = "2003",
      eprint         = "hep-ph/0306211",
      archivePrefix  = "arXiv",
      primaryClass   = "hep-ph",
      reportNumber   = "BICOCCA-FT-03-12, CERN-TH-2003-117",
      SLACcitation   = "%%CITATION = HEP-PH/0306211;%%",
}


@article{Collins:1977iv,
      author         = "Collins, John C. and Soper, Davison E.",
      title          = "{Angular Distribution of Dileptons in High-Energy Hadron
                        Collisions}",
      journal        = "Phys. Rev. D",
      volume         = "16",
      year           = "1977",
      pages          = "2219",
      doi            = "10.1103/PhysRevD.16.2219",
      reportNumber   = "Print-77-0288 (PRINCETON)",
      SLACcitation   = "%%CITATION = PHRVA,D16,2219;%%"
}




@article{Khachatryan:2014ira,
      author         = "Khachatryan, Vardan and others",
      title          = "{Observation of the diphoton decay of the Higgs boson and
                        measurement of its properties}",
      collaboration  = "CMS",
      journal        = "Eur. Phys. J. C",
      volume         = "74",
      pages          = "3076",
      doi            = "10.1140/epjc/s10052-014-3076-z",
      year           = "2014",
      eprint         = "1407.0558",
      archivePrefix  = "arXiv",
      primaryClass   = "hep-ex",
      reportNumber   = "CMS-HIG-13-001, CERN-PH-EP-2014-117",
      SLACcitation   = "%%CITATION = ARXIV:1407.0558;%%",
}

@article{Chatrchyan:2014fsa,
      author         = "Chatrchyan, Serguei and others",
      title          = "{Measurement of differential cross sections for the
                        production of a pair of isolated photons in $\Pp\Pp$ collisions
                        at $\sqrt{s}=7\,\text {TeV} $}",
      collaboration  = "CMS",
      journal        = "Eur. Phys. J. C",
      number         = "11",
      volume         = "74",
      pages          = "3129",
      doi            = "10.1140/epjc/s10052-014-3129-3",
      year           = "2014",
      eprint         = "1405.7225",
      archivePrefix  = "arXiv",
      primaryClass   = "hep-ex",
      reportNumber   = "CMS-SMP-13-001, CERN-PH-EP-2014-067",
      SLACcitation   = "%%CITATION = ARXIV:1405.7225;%%",
}

@article{Chen:2014xra,
      author         = "Chen, Chuan-Ren and Low, Ian",
      title          = "{Double take on new physics in double Higgs boson
                        production}",
      journal        = "Phys. Rev. D",
      number         = "1",
      volume         = "90",
      pages          = "013018",
      doi            = "10.1103/PhysRevD.90.013018",
      year           = "2014",
      eprint         = "1405.7040",
      archivePrefix  = "arXiv",
      primaryClass   = "hep-ph",
      SLACcitation   = "%%CITATION = ARXIV:1405.7040;%%",
}

@article{Aad:2015zhl,
      author         = {{ATLAS and CMS Collaborations}},
      title          = "{Combined Measurement of the Higgs Boson Mass in $\Pp\Pp$
                        Collisions at $\sqrt{s}=7$ and 8 TeV with the ATLAS and
                        CMS Experiments}",
      journal        = "Phys. Rev. Lett.",
      volume         = "114",
      year           = "2015",
      pages          = "191803",
      doi            = "10.1103/PhysRevLett.114.191803",
      eprint         = "1503.07589",
      archivePrefix  = "arXiv",
      primaryClass   = "hep-ex",
      reportNumber   = "ATLAS-HIGG-2014-14, CMS-HIG-14-042, CERN-PH-EP-2015-075",
      SLACcitation   = "%%CITATION = ARXIV:1503.07589;%%",
}


@article{Chatrchyan:2012vva,
      author         = "Chatrchyan, Serguei and others",
      title          = "{Search for a fermiophobic Higgs boson in $\Pp\Pp$ collisions
                        at $\sqrt{s}=7$ TeV}",
      collaboration  = "CMS",
      journal        = "JHEP",
      volume         = "09",
      year           = "2012",
      pages          = "111",
      doi            = "10.1007/JHEP09(2012)111",
      eprint         = "1207.1130",
      archivePrefix  = "arXiv",
      primaryClass   = "hep-ex",
      reportNumber   = "CMS-HIG-12-009, CERN-PH-EP-2012-174",
      SLACcitation   = "%%CITATION = ARXIV:1207.1130;%%"
}

@PHDTHESIS{CrystalBallRef,
     author    = "Oreglia, Mark Joseph",
     title     = "{A study of the reactions $\psi^\prime \to \gamma \gamma \psi$}",
     school = {Stanford University},
     year = 1980,
     note = "{{SLAC} Report {SLAC-R-236}}",
     url  = "http://www.slac.stanford.edu/pubs/slacreports/slac-r-236.html"
}

@UNPUBLISHED{Corbett:2015mqf,
      author         = "Corbett, Tyler and Eboli, Oscar J. P. and Goncalves,
                        Dorival and Gonzalez-Fraile, J. and Plehn, Tilman and
                        Rauch, Michael",
      title          = "{The Non-Linear Higgs Legacy of the LHC Run I}",
      year           = "2015",
      note           = "DCPT/15/138",
      eprint         = "1511.08188",
      archivePrefix  = "arXiv",
      primaryClass   = "hep-ph",
      reportNumber   = "IPPP-15-69, DCPT-15-138",
      SLACcitation   = "%%CITATION = ARXIV:1511.08188;%%"
}

@article{Nason:2004rx,
      author         = "Nason, Paolo",
      title          = "{A New method for combining NLO QCD with shower Monte
                        Carlo algorithms}",
      journal        = "JHEP",
      volume         = "11",
      year           = "2004",
      pages          = "040",
      doi            = "10.1088/1126-6708/2004/11/040",
      eprint         = "hep-ph/0409146",
      archivePrefix  = "arXiv",
      primaryClass   = "hep-ph",
      reportNumber   = "BICOCCA-FT-04-11",
      SLACcitation   = "%%CITATION = HEP-PH/0409146;%%"
}

@unpublished{CMS-DP-2013-011,
      author       = "{CMS Collaboration}",
      title         = "{Status of the 8 TeV Jet Energy Corrections and
                       Uncertainties based on 11 fb$^{-1}$ of data in CMS}",
      collaboration = "CMS",
      year          = "2013",
      reportNumber  = "CMS-DP-2013-011",
      url           = "https://cds.cern.ch/record/1545350", 
      note           = "CMS detector performance note", 
}


@article{Azatov:2015oxa,
      author         = "Azatov, Aleksandr and Contino, Roberto and Panico,
                        Giuliano and Son, Minho",
      title          = "{Effective field theory analysis of double Higgs boson
                        production via gluon fusion}",
      journal        = "Phys. Rev. D",
      volume         = "92",
      year           = "2015",
      pages          = "035001",
      doi            = "10.1103/PhysRevD.92.035001",
      eprint         = "1502.00539",
      archivePrefix  = "arXiv",
      primaryClass   = "hep-ph",
      reportNumber   = "CERN-PH-TH-2015-015",
      SLACcitation   = "%%CITATION = ARXIV:1502.00539;%%"
}

@inproceedings{Agashe:2013kyb,
      author         = "Agashe, Kaustubh and Antipin, Oleg and  Backovi\'c, Mihailo and Effron, Aaron and Emerman, Alex and Erdmann, Johannes and Golling, Tobias and Gopalakrishna, Shrihari and Hapola, Tuomas and Hsu, Shih-Chieh and Juknevich, Jos\'e and Lee, Seung J. and Mandal, Tanumoy and Miller, August and Moyse, Edward and Mukherjee, Tuhin Subhra and Pollard, Chris and Sadhukhan, Soumya and Whiteson, Daniel and Willocq, Stephane", 
      title          = "{Warped Extra Dimensional Benchmarks for Snowmass 2013}",
      booktitle      = "{Community Summer Study 2013: Snowmass on the Mississippi
                        (CSS2013) Minneapolis, MN, USA, July 29-August 6, 2013}",
      url            = "http://cp3-origins.dk/research/units/ed-tools",
      year           = "2013",
      eprint         = "1309.7847",
      archivePrefix  = "arXiv",
      primaryClass   = "hep-ph"
}


@article{deAquino:2011ix,
      author         = "de Aquino, Priscila and Hagiwara, Kaoru and Li, Qiang and
                        Maltoni, Fabio",
      title          = "{Simulating graviton production at hadron colliders}",
      journal        = "JHEP",
      volume         = "06",
      year           = "2011",
      pages          = "132",
      doi            = "10.1007/JHEP06(2011)132",
      eprint         = "1101.5499",
      archivePrefix  = "arXiv",
      primaryClass   = "hep-ph",
}



@article{Khachatryan:2015tha,
      author         = "Khachatryan, Vardan and others",
      title          = "{Searches for a heavy scalar boson H decaying to a pair
                        of 125 GeV Higgs bosons hh or for a heavy pseudoscalar
                        boson A decaying to Zh, in the final states with $h \to
                        \tau \tau$}",
      collaboration  = "CMS",
      journal        = "Phys. Lett. B",
      volume         = "755",
      year           = "2016",
      pages          = "217",
      doi            = "10.1016/j.physletb.2016.01.056",
      eprint         = "1510.01181",
      archivePrefix  = "arXiv",
      primaryClass   = "hep-ex",
      reportNumber   = "CMS-HIG-14-034, CERN-PH-EP-2015-211",
      SLACcitation   = "%%CITATION = ARXIV:1510.01181;%%"
}

@article{Aad:2015xja,
      author         = "Aad, Georges and others",
      title          = "{Searches for Higgs boson pair production in the $hh\to
                        bb\tau\tau, \gamma\gamma WW^*, \gamma\gamma bb, bbbb$
                        channels with the ATLAS detector}",
      collaboration  = "ATLAS",
      journal        = "Phys. Rev. D",
      volume         = "92",
      year           = "2015",
      pages          = "092004",
      doi            = "10.1103/PhysRevD.92.092004",
      eprint         = "1509.04670",
      archivePrefix  = "arXiv",
      primaryClass   = "hep-ex",
      reportNumber   = "CERN-PH-EP-2015-225",
      SLACcitation   = "%%CITATION = ARXIV:1509.04670;%%"
}

@article{Aad:2015uka,
      author         = "Aad, Georges and others",
      title          = "{Search for Higgs boson pair production in the
                        $b\bar{b}b\bar{b}$ final state from pp collisions at
                        $\sqrt{s} = 8$ TeV with the ATLAS detector}",
      collaboration  = "ATLAS",
      journal        = "Eur. Phys. J. C",
      volume         = "75",
      pages          = "412",
      doi            = "10.1140/epjc/s10052-015-3628-x",
      year           = "2015",
      eprint         = "1506.00285",
      archivePrefix  = "arXiv",
      primaryClass   = "hep-ex",
      reportNumber   = "CERN-PH-EP-2015-099",
      SLACcitation   = "%%CITATION = ARXIV:1506.00285;%%"
}

@article{Khachatryan:2015year,
      author         = "Khachatryan, Vardan and others",
      title          = "{Search for resonant pair production of Higgs bosons
                        decaying to two bottom quark-antiquark pairs in
                        proton-proton collisions at 8 TeV}",
      collaboration  = "CMS",
      journal        = "Phys. Lett. B",
      volume         = "749",
      pages          = "560",
      doi            = "10.1016/j.physletb.2015.08.047",
      year           = "2015",
      eprint         = "1503.04114",
      archivePrefix  = "arXiv",
      primaryClass   = "hep-ex",
      reportNumber   = "CMS-HIG-14-013, CERN-PH-EP-2015-042",
      SLACcitation   = "%%CITATION = ARXIV:1503.04114;%%"
}

@article{Khachatryan:2014jya,
      author         = "Khachatryan, Vardan and others",
      title          = "{Searches for heavy Higgs bosons in two-Higgs-doublet
                        models and for $t \rightarrow ch$ decay using multilepton and
                        diphoton final states in $pp$ collisions at 8 TeV}",
      collaboration  = "CMS",
      journal        = "Phys. Rev. D",
      volume         = "90",
      year           = "2014",
      pages          = "112013",
      doi            = "10.1103/PhysRevD.90.112013",
      eprint         = "1410.2751",
      archivePrefix  = "arXiv",
      primaryClass   = "hep-ex",
      reportNumber   = "CMS-HIG-13-025, CERN-PH-EP-2014-239",
      SLACcitation   = "%%CITATION = ARXIV:1410.2751;%%"
}

@article{Aad:2014yja,
      author         = "Aad, Georges and others",
      title          = "{Search For Higgs Boson Pair Production in the
                        $\gamma\gamma b\bar{b}$ Final State using $pp$ Collision
                        Data at $\sqrt{s}=8$ TeV from the ATLAS Detector}",
      collaboration  = "ATLAS",
      journal        = "Phys. Rev. Lett.",
      volume         = "114",
      year           = "2015",
      pages          = "081802",
      doi            = "10.1103/PhysRevLett.114.081802",
      eprint         = "1406.5053",
      archivePrefix  = "arXiv",
      primaryClass   = "hep-ex",
      reportNumber   = "CERN-PH-EP-2014-113",
      SLACcitation   = "%%CITATION = ARXIV:1406.5053;%%"
}

@article{Dias:2015mhm,
      author         = "Dias, Flavia and Gadatsch, Stefan and Gouzevich, Maxime
                        and Leonidopoulos, Christos and Novaes, Sergio and
                        Oliveira, Alexandra and Pierini, Maurizio and Tomei,
                        Thiago",
      title          = "{Combination of Run-1 Exotic Searches in Diboson Final
                        States at the LHC}",
      year           = "2016",
      journal  	     = "JHEP",
      volume         = "04",
      pages          = "155",
}

@article{Brehmer:2015dan,
      author         = "Brehmer, Johann and others",
      title          = "{The Diboson Excess: Experimental Situation and
                        Classification of Explanations; A Les Houches
                        Pre-Proceeding}",
      year           = "2015",
      eprint         = "1512.04357",
      archivePrefix  = "arXiv",
      primaryClass   = "hep-ph",
      SLACcitation   = "%%CITATION = ARXIV:1512.04357;%%"
}

@article{CMSZVWV,
      author         = "Khachatryan, Vardan and others",
      title          = "{Search for massive resonances decaying into pairs of boosted bosons in semi-leptonic final states at $\sqrt{s} =$ 8 TeV}",
      collaboration  = "CMS",
      journal        = "JHEP",
      volume         = "08",
      year           = "2014",
      pages          = "174",
      doi            = "10.1007/JHEP08(2014)174",
      eprint         = "1405.3447",
      archivePrefix  = "arXiv",
      primaryClass   = "hep-ex",
      reportNumber   = "CMS-EXO-13-009, CERN-PH-EP-2014-076",
      SLACcitation   = "%%CITATION = ARXIV:1405.3447;%%"
}

@article{ATLASWV,
      author         = "Aad, Georges and others",
      title          = "{Search for production of $WW/WZ$ resonances decaying to
                        a lepton, neutrino and jets in $pp$ collisions at
                        $\sqrt{s}=8$  TeV with the ATLAS detector}",
      collaboration  = "ATLAS",
      journal        = "Eur. Phys. J. C",
      volume         = "75",
      year           = "2015",
      pages          = "209",
      doi            = "10.1140/epjc/s10052-015-3425-6",
      note           = "[Erratum: \DOI{10.1140/epjc/s10052-015-3593-4}]",
      eprint         = "1503.04677",
      archivePrefix  = "arXiv",
      primaryClass   = "hep-ex",
      reportNumber   = "CERN-PH-EP-2015-044",
      SLACcitation   = "%%CITATION = ARXIV:1503.04677;%%"
}

@article{ATLASZV,
      author         = "Aad, Georges and others",
      title          = "{Search for resonant diboson production in the $\mathrm
                        {\ell \ell }q\bar{q}$ final state in $pp$ collisions at
                        $\sqrt{s} = 8$ TeV with the ATLAS detector}",
      collaboration  = "ATLAS",
      journal        = "Eur. Phys. J. C",
      volume         = "75",
      year           = "2015",
      pages          = "69",
      doi            = "10.1140/epjc/s10052-015-3261-8",
      eprint         = "1409.6190",
      archivePrefix  = "arXiv",
      primaryClass   = "hep-ex",
      reportNumber   = "CERN-PH-EP-2014-211",
      SLACcitation   = "%%CITATION = ARXIV:1409.6190;%%"
}

@article{Aad:2015ipg,
      author         = "Aad, Georges and others",
      title          = "{Combination of searches for $WW$, $WZ$, and $ZZ$
                        resonances in $pp$ collisions at $\sqrt{s} = 8$ TeV with
                        the ATLAS detector}",
      collaboration  = "ATLAS",
      journal        = "Phys. Lett. B",
      volume         = "755",
      year           = "2016",
      pages          = "285",
      doi            = "10.1016/j.physletb.2016.02.015",
      eprint         = "1512.05099",
      archivePrefix  = "arXiv",
      primaryClass   = "hep-ex",
      reportNumber   = "CERN-PH-EP-2015-269",
      SLACcitation   = "%%CITATION = ARXIV:1512.05099;%%"
}

@article{Khachatryan:2014hpa,
      author         = "Khachatryan, Vardan and others",
      title          = "{Search for massive resonances in dijet systems
                        containing jets tagged as W or Z boson decays in pp
                        collisions at $\sqrt{s}$ = 8 TeV}",
      collaboration  = "CMS",
      journal        = "JHEP",
      volume         = "08",
      pages          = "173",
      doi            = "10.1007/JHEP08(2014)173",
      year           = "2014",
      eprint         = "1405.1994",
      archivePrefix  = "arXiv",
      primaryClass   = "hep-ex",
      reportNumber   = "CMS-EXO-12-024, CERN-PH-EP-2014-071",
      SLACcitation   = "%%CITATION = ARXIV:1405.1994;%%",
}

@article{ATLASVV,
      author         = "Aad, Georges and others",
      title          = "{Search for high-mass diboson resonances with
                        boson-tagged jets in proton-proton collisions at $
                        \sqrt{s}=8 $ TeV with the ATLAS detector}",
      collaboration  = "ATLAS",
      journal        = "JHEP",
      volume         = "12",
      year           = "2015",
      pages          = "055",
      doi            = "10.1007/JHEP12(2015)055",
      eprint         = "1506.00962",
      archivePrefix  = "arXiv",
      primaryClass   = "hep-ex",
      reportNumber   = "CERN-PH-EP-2015-115",
      SLACcitation   = "%%CITATION = ARXIV:1506.00962;%%"
}

@article{Archer:2014jca,
      author         = "Archer, Paul and Carena, Marcela and Carmona, Adrian
                        and Neubert, Matthias",
      title          = "{Higgs Production and Decay in Models of a Warped Extra
                        Dimension with a Bulk Higgs}",
      journal        = "JHEP",
      volume         = "01",
      year           = "2015",
      pages          = "060",
      doi            = "10.1007/JHEP01(2015)060",
      eprint         = "1408.5406",
      archivePrefix  = "arXiv",
      primaryClass   = "hep-ph",
      reportNumber   = "MITP-14-040, FERMILAB-PUB-14-561-T",
      SLACcitation   = "%%CITATION = ARXIV:1408.5406;%%"
}

@article{Butterworth:2008iy,
      author         = "Butterworth, Jonathan M. and Davison, Adam R. and Rubin,
                        Mathieu and Salam, Gavin P.",
      title          = "{Jet substructure as a new Higgs search channel at the
                        LHC}",
      journal        = "Phys. Rev. Lett.",
      volume         = "100",
      pages          = "242001",
      doi            = "10.1103/PhysRevLett.100.242001",
      year           = "2008",
      eprint         = "0802.2470",
      archivePrefix  = "arXiv",
      primaryClass   = "hep-ph",
      SLACcitation   = "%%CITATION = ARXIV:0802.2470;%%",
}


@techreport{CMS-PAS-JME-14-001,
      AUTHOR      = "{CMS Collaboration}",
      title         = "{Pileup Removal Algorithms}",
      institution   = "CERN",
      collaboration = "CMS",
      number        = "CMS-PAS-JME-14-001",
      year          = "2014",
      reportNumber  = "CMS-PAS-JME-14-001",
      url           = "https://cds.cern.ch/record/1751454",
}


@Unpublished{CAaachen,
     author    = "Wobisch, M. and Wengler, T.",
     title     = "Hadronization corrections to jet cross sections in deep-inelastic  scattering",
     year      = "1998",
     eprint    = "hep-ph/9907280",
     archivePrefix = "arXiv",
     SLACcitation  = "%%CITATION = HEP-PH/9907280;%%"
}

@Article{jetarea_fastjet_pu,
     author    = "Cacciari, Matteo and Salam, Gavin P.",
     title     = "Pileup subtraction using jet areas",
     journal   = "Phys. Lett. B",
     volume    = "659",
     year      = "2008",
     pages     = "119",
     eprint    = "0707.1378",
     archivePrefix = "arXiv",
     primaryClass  =  "hep-ph",
     doi       = "10.1016/j.physletb.2007.09.077",
     SLACcitation  = "%%CITATION = 0707.1378;%%"
}

@Article{jetarea_fastjet,
     author    = "Cacciari, Matteo and Salam, Gavin P. and Soyez, Gregory",
     title     = "The Catchment Area of Jets",
     journal   = "JHEP",
     volume    = "04",
     year      = "2008",
     pages     = "005",
     eprint    = "0802.1188",
     archivePrefix = "arXiv",
     primaryClass  =  "hep-ph",
     doi       = "10.1088/1126-6708/2008/04/005",
     SLACcitation  = "%%CITATION = 0802.1188;%%"
}

@article{CMS:2012yf,
      author         = "Chatrchyan, Serguei and others",
      title          = "{Search for narrow resonances and quantum black holes in
                        inclusive and $b$-tagged dijet mass spectra from pp
                        collisions at $\sqrt{s}=7$ TeV}",
      collaboration  = "CMS",
      journal        = "JHEP",
      volume         = "01",
      pages          = "013",
      doi            = "10.1007/JHEP01(2013)013",
      year           = "2013",
      eprint         = "1210.2387",
      archivePrefix  = "arXiv",
      primaryClass   = "hep-ex",
      reportNumber   = "CMS-EXO-11-094, CERN-PH-EP-2012-277",
      SLACcitation   = "%%CITATION = ARXIV:1210.2387;%%",
}

@article{jetpruning1,
      author         = "Ellis, Stephen D. and Vermilion, Christopher K. and
                        Walsh, Jonathan R.",
      title          = "Techniques for improved heavy particle searches with jet
                        substructure",
      journal        = "Phys. Rev. D",
      volume         = "80",
      pages          = "051501",
      doi            = "10.1103/PhysRevD.80.051501",
      year           = "2009",
      eprint         = "0903.5081",
      archivePrefix  = "arXiv",
      primaryClass   = "hep-ph",
}



@article{Thaler:2010tr,
      author         = "Thaler, Jesse and Van Tilburg, Ken",
      title          = "{Identifying Boosted Objects with N-subjettiness}",
      journal        = "JHEP",
      volume         = "03",
      pages          = "015",
      doi            = "10.1007/JHEP03(2011)015",
      year           = "2011",
      eprint         = "1011.2268",
      archivePrefix  = "arXiv",
      primaryClass   = "hep-ph",
      reportNumber   = "MIT-CTP-4191",
      SLACcitation   = "%%CITATION = ARXIV:1011.2268;%%",
}

@article{Thaler:2011gf,
      author         = "Thaler, Jesse and Van Tilburg, Ken",
      title          = "{Maximizing Boosted Top Identification by Minimizing
                        N-subjettiness}",
      journal        = "JHEP",
      volume         = "02",
      pages          = "093",
      doi            = "10.1007/JHEP02(2012)093",
      year           = "2012",
      eprint         = "1108.2701",
      archivePrefix  = "arXiv",
      primaryClass   = "hep-ph",
      reportNumber   = "MIT-CTP-4287",
      SLACcitation   = "%%CITATION = ARXIV:1108.2701;%%",
}

@article{Stewart:2010tn,
      author         = "Stewart, Iain W. and Tackmann, Frank J. and Waalewijn,
                        Wouter J.",
      title          = "{N-Jettiness: An Inclusive Event Shape to Veto Jets}",
      journal        = "Phys. Rev. Lett.",
      volume         = "105", 
      pages          = "092002",
      doi            = "10.1103/PhysRevLett.105.092002",
      year           = "2010",
      eprint         = "1004.2489",
      archivePrefix  = "arXiv",
      primaryClass   = "hep-ph",
      reportNumber   = "MIT-CTP-4139",
      SLACcitation   = "%%CITATION = ARXIV:1004.2489;%%",
}

@techreport{CMS-PAS-BTV-13-001,
      title         = "{Performance of b tagging at $\sqrt{s}=8$ TeV in multijet,
                       $t \bar t$ and boosted topology events}",
      institution   = "CERN",
      AUTHOR      = "{CMS Collaboration}",
      collaboration = "CMS",
      number        = "CMS-PAS-BTV-13-001",
      year          = "2013",
      URL         = "http://cdsweb.cern.ch/record/1581306",
      TYPE     = "CMS Physics Analysis Summary",
}

@article{Khachatryan:2015dcf,
      author         = "Khachatryan, Vardan and others",
      title          = "{Search for narrow resonances decaying to dijets in
                        proton-proton collisions at $\sqrt{s}$ = 13 TeV}",
      collaboration  = "CMS",
      journal        = "Phys. Rev. Lett.",
      volume         = "116",
      year           = "2016",
      pages	         = "071801",
      eprint         = "1512.01224",
      archivePrefix  = "arXiv",
      primaryClass   = "hep-ex",
      reportNumber   = "CMS-EXO-15-001, CERN-PH-EP-2015-317,
                        FERMILAB-PUB-15-594-CMS",
      SLACcitation   = "%%CITATION = ARXIV:1512.01224;%%"
}
@techreport{EXO-15-002,
      author         = "CMS Collaboration",
      title          = "{Search for massive resonances decaying into pairs of
                        boosted W and Z bosons at $\sqrt{s}$ = 13 TeV}",
      institution   = "CERN",
      collaboration  = "CMS",
      year           = "2015",
      number         = "CMS-PAS-EXO-15-002",
      SLACcitation   = "%%CITATION = CMS-PAS-EXO-15-002;%%",
      TYPE           = "CMS Physics Analysis Summary",
}
@techreport{CMS-PAS-EXO-12-053,
      author         = "CMS Collaboration",
      title         = "{Search for heavy resonances in the H tagged dijet mass
                       spectrum in pp collisions at 8 TeV}",
      institution   = "CERN",
      collaboration = "CMS",
      number        = "CMS-PAS-EXO-12-053",
      year          = "2015",
      url           = "https://cds.cern.ch/record/2043788",
      TYPE           = "CMS Physics Analysis Summary",
}

@techreport{CMS-PAS-LUM-17-001,
      title         = "{CMS Luminosity Measurement for the 2016 Data Taking Period}",
      institution   = "CERN",
      AUTHOR        = "{CMS Collaboration}",
      collaboration = "CMS",
      number        = "CMS-PAS-LUM-17-001",
      year          = "2017",
      URL           = "In preparation",
      TYPE          = "CMS Physics Analysis Summary",
}
@misc{GoldenJSON13Nov2015, 
  author         = "",
  title          = "Golden JSON from 13 Nov. 2015",
  note           = {\url{https://cms-service-dqm.web.cern.ch/cms-service-dqm/CAF/certification/Collisions15/13TeV/Cert\_246908-260627\_13TeV\_PromptReco\_Collisions15\_25ns\_JSON.txt}},
  url            = "https://cms-service-dqm.web.cern.ch/cms-service-dqm/CAF/certification/Collisions15/13TeV/Cert\_246908-260627\_13TeV\_PromptReco\_Collisions15\_25ns\_JSON.txt",
  year           = ""
}
@misc{MiniAODJetsTWiki, 
  author         = "",
  title          = "MiniAOD Analysis Documentation",
  note           = {\url{https://twiki.cern.ch/twiki/bin/view/CMSPublic/WorkBookMiniAOD2015\#Jets}},
  url            = "https://twiki.cern.ch/twiki/bin/view/CMSPublic/WorkBookMiniAOD2015\#Jets",
  year           = "2015",
}
@misc{MiniAODMETFiltersTWiki, 
  author         = "",
  title          = "MiniAOD Analysis Documentation",
  note           = {\url{https://twiki.cern.ch/twiki/bin/view/CMSPublic/WorkBookMiniAOD2015\#ETmiss\_filters}},
  url            = "https://twiki.cern.ch/twiki/bin/view/CMSPublic/WorkBookMiniAOD2015\#ETmiss\_filters",
  year           = "2015",
}
@misc{B2GEDMNtuplesTWiki, 
  author         = "",
  title          = "B2GAnaFilesRunIISpring15DR74Asympt25ns",
  note           = {\urlhttps://twiki.cern.ch/twiki/bin/viewtitle/CMS/B2GAnaFilesRunIISpring15DR74Asympt25ns}},
  url            = "https://twiki.cern.ch/twiki/bin/viewtitle/CMS/B2GAnaFilesRunIISpring15DR74Asympt25ns",
  year           = "2015",
}
@misc{JetID13TeVTWiki, 
  author         = "",
  title          = "Jet Identification Recommendations for 13 TeV data analysis",
  note           = {\url{https://twiki.cern.ch/twiki/bin/view/CMS/JetID\#Recommendations\_for\_13\_TeV\_data}},
  url            = "https://twiki.cern.ch/twiki/bin/view/CMS/JetID\#Recommendations\_for\_13\_TeV\_data",
  year           = "2015",
}
@misc{BTagMethodsTWiki, 
  author         = "",
  title          = "Jet Identification Recommendations for 13 TeV data analysis",
  note           = {\url{https://twiki.cern.ch/twiki/bin/view/CMS/BTagSFMethods\#1a\_Event\_reweighting\_using\_scale}},
  url            = "https://twiki.cern.ch/twiki/bin/view/CMS/BTagSFMethods\#1a\_Event\_reweighting\_using\_scale",
  year           = "2015",
}

@misc{TopTaggingTalk, 
  author         = "Marchesini, Ivan and Schmidt, Alexander and Schumann, Svenja",
  title          = "Top tagging SF",
  url            = "https://indico.cern.ch/event/493275/session/1/contribution/42/attachments/1222561/1788018/TopTaggingSFv2.pdf",
  year           = "2016"
}
@article{Pythia8,
      author         = "Sjostrand, Torbjorn and Mrenna, Stephen and Skands, Peter
                        Z.",
      title          = "{A Brief Introduction to PYTHIA 8.1}",
      journal        = "Comput. Phys. Commun.",
      volume         = "178",
      year           = "2008",
      pages          = "852",
      doi            = "10.1016/j.cpc.2008.01.036",
      eprint         = "0710.3820",
      archivePrefix  = "arXiv",
      primaryClass   = "hep-ph",
      reportNumber   = "CERN-LCGAPP-2007-04, LU-TP-07-28,
                        FERMILAB-PUB-07-512-CD-T",
      SLACcitation   = "%%CITATION = ARXIV:0710.3820;%%"
}
@article{Bahr:2008pv,
      author="B{\"a}hr, Manuel
        and Gieseke, Stefan
        and Gigg, Martyn A.
        and Grellscheid, David
        and Hamilton, Keith
        and Latunde-Dada, Oluseyi
        and Pl{\"a}tzer, Simon
        and Richardson, Peter
        and Seymour, Michael H.
        and Sherstnev, Alexander
        and Webber, Bryan R.",
      title          = "{Herwig++ Physics and Manual}",
      journal        = "Eur. Phys. J. C",
      volume         = "58",
      year           = "2008",
      pages          = "639",
      doi            = "10.1140/epjc/s10052-008-0798-9",
      eprint         = "0803.0883",
      archivePrefix  = "arXiv",
      primaryClass   = "hep-ph",
      reportNumber   = "CERN-PH-TH-2008-038, CAVENDISH-HEP-08-03, KA-TP-05-2008,
                        DCPT-08-22, IPPP-08-11, CP3-08-05",
      SLACcitation   = "%%CITATION = ARXIV:0803.0883;%%", 
}

@TECHREPORT{CMS-PAS-PFT-09-001,
      COLLABORATION = "CMS",
      TITLE       = "Particle--Flow Event Reconstruction in {CMS} and Performance for Jets, Taus, and {\MET}",
      AUTHOR      = "{CMS Collaboration}",
      URL         = "http://cdsweb.cern.ch/record/1194487",
      TYPE        = "CMS Physics Analysis Summary",
      NUMBER      = "CMS-PAS-PFT-09-001",
      YEAR        = "2009", 
      institution = "CERN", 
}

@TECHREPORT{CMS-PAS-PFT-10-001,
      COLLABORATION = "CMS",
      TITLE       = "Commissioning of the Particle-flow Event Reconstruction with the first {LHC} collisions recorded in the {CMS} detector",
      AUTHOR      = "{CMS Collaboration}",
      URL         = "http://cdsweb.cern.ch/record/1247373",
      TYPE        = "CMS Physics Analysis Summary",
      NUMBER      = "CMS-PAS-PFT-10-001",
      YEAR        = "2010",
      institution = "CERN", 
}

@article{Pumplin:2002vw,
      author         = "Pumplin, J. and Stump, D. R. and Huston, J. and Lai, H.
                        L. and Nadolsky, Pavel M. and Tung, W. K.",
      title          = "{New generation of parton distributions with
                        uncertainties from global QCD analysis}",
      journal        = "JHEP",
      volume         = "07",
      year           = "2002",
      pages          = "012",
      doi            = "10.1088/1126-6708/2002/07/012",
      eprint         = "hep-ph/0201195",
      archivePrefix  = "arXiv",
      primaryClass   = "hep-ph",
      reportNumber   = "MSU-HEP-011101",
      SLACcitation   = "%%CITATION = HEP-PH/0201195;%%"
}

@article{Chatrchyan:2011id,
      author         = "Chatrchyan, Serguei and others",
      title          = "{Measurement of the Underlying Event Activity at the LHC
                        with $\sqrt{s}= 7$ TeV and Comparison with $\sqrt{s} =
                        0.9$ TeV}",
      collaboration  = "CMS",
      journal        = "JHEP",
      volume         = "09",
      year           = "2011",
      pages          = "109",
      doi            = "10.1007/JHEP09(2011)109",
      eprint         = "1107.0330",
      archivePrefix  = "arXiv",
      primaryClass   = "hep-ex",
      reportNumber   = "CERN-PH-EP-2011-059, CMS-QCD-10-010",
      SLACcitation   = "%%CITATION = ARXIV:1107.0330;%%"
}

@article{Pappadopulo:2014qza,
      author         = "Pappadopulo, Duccio and Thamm, Andrea and Torre, Riccardo
                        and Wulzer, Andrea",
      title          = "{Heavy Vector Triplets: Bridging Theory and Data}",
      journal        = "JHEP",
      volume         = "09",
      year           = "2014",
      pages          = "060",
      doi            = "10.1007/JHEP09(2014)060",
      eprint         = "1402.4431",
      archivePrefix  = "arXiv",
      primaryClass   = "hep-ph",
      SLACcitation   = "%%CITATION = ARXIV:1402.4431;%%"
}

@techreport{CMS-PAS-BTV-15-002,
      author         = "CMS Collaboration",
      title          = "{Identification of double-b quark jets in Boosted Topologies}", 
      collaboration  = "CMS",
      year           = "2016",
      URL            = "https://cds.cern.ch/record/2195743",
      number         = "CMS-PAS-BTV-15-002",
      TYPE           = "CMS Physics Analysis Summary",
      SLACcitation   = "%%CITATION = CMS-PAS-BTV-15-002;%%",
      institution    = "CERN",
}

@article{Dasgupta:2013ihk,
      author         = "Dasgupta, Mrinal and Fregoso, Alessandro and Marzani,
                        Simone and Salam, Gavin P.",
      title          = "{Towards an understanding of jet substructure}",
      journal        = "JHEP",
      volume         = "09",
      year           = "2013",
      pages          = "029",
      doi            = "10.1007/JHEP09(2013)029",
      eprint         = "1307.0007",
      archivePrefix  = "arXiv",
      primaryClass   = "hep-ph",
      reportNumber   = "CERN-PH-TH-2013-145, DCPT-13-86, IPPP-13-43, LPN13-036,
                        MAN-HEP-2013-12",
      SLACcitation   = "%%CITATION = ARXIV:1307.0007;%%"
}
@article{jetpruning2,
      author         = "Ellis, Stephen D. and Vermilion, Christopher K. and
                        Walsh, Jonathan R.",
      title          = "Recombination Algorithms and Jet Substructure: Pruning
                        as a Tool for Heavy Particle Searches",
      journal        = "Phys. Rev. D",
      volume         = "81",
      pages          = "094023",
      doi            = "10.1103/PhysRevD.81.094023",
      year           = "2010",
      eprint         = "0912.0033",
      archivePrefix  = "arXiv",
      primaryClass   = "hep-ph"
}

@article{Thaler:2010tr,
      author         = "Thaler, Jesse and Van Tilburg, Ken",
      title          = "{Identifying Boosted Objects with N-subjettiness}",
      journal        = "JHEP",
      volume         = "03",
      pages          = "015",
      doi            = "10.1007/JHEP03(2011)015",
      year           = "2011",
      eprint         = "1011.2268",
      archivePrefix  = "arXiv",
      primaryClass   = "hep-ph",
      reportNumber   = "MIT-CTP-4191",
      SLACcitation   = "%%CITATION = ARXIV:1011.2268;%%",
}
@article{PhysRevLett.111.201801,
  title = {Higgs Boson Pair Production at Next-to-Next-to-Leading Order in QCD},
  author = {de Florian, Daniel and Mazzitelli, Javier},
  journal = {Phys. Rev. Lett.},
  volume = {111},
  pages = {201801},
  year = {2013},
  publisher = {American Physical Society},
  doi = {10.1103/PhysRevLett.111.201801},
  eprint         = "1309.6594",
  archivePrefix  = "arXiv",
}
@article{CUETTune,
  author="CMS Collaboration",
  collaboration="CMS",
  title="Event generator tunes obtained from underlying event and multiparton scattering measurements",
  journal="Eur. Phys. J. C",
  year="2016",
  volume="76",
  pages="155",
  issn="1434-6052",
  doi="10.1140/epjc/s10052-016-3988-x",
  eprint         = "1512.00815",
  archivePrefix  = "arXiv",
  primaryClass   = "hep-ex",
  SLACcitation   = "%%CITATION = ARXIV:1512.00815;%%",
  }
@article{Khachatryan:2016kdb, 
      author         = "Khachatryan, Vardan and others",
      title          = "{Jet energy scale and resolution in the CMS experiment in
                        pp collisions at 8 TeV}",
      collaboration  = "CMS",
      journal        = "JINST",
      volume         = "12",
      year           = "2017",
      pages          = "P02014",
      doi            = "10.1088/1748-0221/12/02/P02014",
      eprint         = "1607.03663",
      archivePrefix  = "arXiv",
      primaryClass   = "hep-ex",
      reportNumber   = "CMS-JME-13-004, CERN-PH-EP-2015-305",
      SLACcitation   = "%%CITATION = ARXIV:1607.03663;%%"
}
@TECHREPORT{CMS-DP-2016-020,
      AUTHOR        = "CMS Collaboration",
      COLLABORATION = "{CMS}",
      YEAR          = "2016",
      TITLE         = "{Jet energy scale and resolution performances with 13TeV data}",
      INSTITUTION   = "CERN",
      URL           = "https://cds.cern.ch/record/2160347",
      TYPE          = "CMS Detector Performance Summary",
      NUMBER        = "CMS-DP-2016-020",
      SLACCITATION  = " ",
}
@article{jetsd,
      author         = "Larkoski, Andrew J. and Marzani, Simone and Soyez, Gregory and Thaler, Jesse",
      title          = "Soft drop",
      journal        = "JHEP",
      volume         = "05",
      year           = "2014",
      pages          = "146",
      doi            = "10.1007/JHEP05(2014)146",
      eprint         = "1402.2657",
      archivePrefix  = "arXiv",
      primaryClass   = "hep-ph",
}
@techreport{MelladoGarcia:2150771,
      author        = "{The LHC Higgs Cross Section Working Group}",
      title         = "{CERN Report 4: Part I Standard Model Predictions}",
      year          = "2016",
      type           = "CERN Report",
      institution   = "CERN",
      Number        = "LHCHXSWG-DRAFT-INT-2016-008",
      reportNumber  = "LHCHXSWG-DRAFT-INT-2016-008",
      url           = "https://cds.cern.ch/record/2150771",
}
@TECHREPORT{CMS-PFT-09-001,
      COLLABORATION = "CMS",
      TITLE       = "Particle--Flow Event Reconstruction in {CMS} and Performance for Jets, Taus, and {\MET}",
      AUTHOR      = "{CMS Collaboration}",
      URL         = "http://cdsweb.cern.ch/record/1194487",
      TYPE        = "CMS Physics Analysis Summary",
      NUMBER      = "CMS-PAS-PFT-09-001",
    institution   = "CERN",
      YEAR        = "2009"
}
@TECHREPORT{CMS-PFT-10-001,
      COLLABORATION = "CMS",
      TITLE       = "Commissioning of the Particle-flow Event Reconstruction with the first {LHC} collisions recorded in the {CMS} detector",
      AUTHOR      = "{CMS Collaboration}",
      URL         = "http://cdsweb.cern.ch/record/1247373",
      TYPE        = "CMS Physics Analysis Summary",
      NUMBER      = "CMS-PAS-PFT-10-001",
      YEAR        = "2010",
    institution   = "CERN",
}
@TECHREPORT{CMS-PAS-PFT-10-002,
      COLLABORATION = "CMS",
      TITLE       = "Commissioning of the Particle-Flow Reconstruction in Minimum-Bias and Jet Events from {\Pp\Pp} Collisions at 7 {TeV}",
      AUTHOR      = "{CMS Collaboration}",
      URL         = "http://cdsweb.cern.ch/record/1279341",
      TYPE        = "CMS Physics Analysis Summary",
      NUMBER      = "CMS-PAS-PFT-10-002",
      YEAR        = "2010",
      institution = "CERN", 
}
@article{CMSMuon,
  COLLABORATION = "CMS",
  title={Performance of CMS muon reconstruction in $\Pp\Pp$ collision events at $\sqrt{s} = 7\TeV$},
  author={CMS collaboration},
  journal={Journal of Instrumentation},
  volume={7},
  number={10},
  pages={P10002},
  year={2012},
  doi={10.1088/1748-0221/7/10/P10002}, 
  eprint = {1206.4071},
  archivePrefix  = "arXiv",
  primaryClass   = "hep-ex",
}
@article{CMSElectron,
      author         = "Khachatryan, Vardan and others",
      title          = "{Performance of Electron Reconstruction and Selection
                        with the CMS Detector in Proton-Proton Collisions at
                        $\sqrt{s} = 8\TeV$}",
      collaboration  = "CMS",
      journal        = "JINST",
      volume         = "10",
      year           = "2015",
      number         = "06",
      pages          = "P06005",
      doi            = "10.1088/1748-0221/10/06/P06005",
      eprint         = "1502.02701",
      archivePrefix  = "arXiv",
      primaryClass   = "physics.ins-det",
      reportNumber   = "CMS-EGM-13-001, CERN-PH-EP-2015-004",
      SLACcitation   = "%%CITATION = ARXIV:1502.02701;%%"
}
@article{PUPPI,
      author         = "Bertolini, Daniele and Harris, Philip and Low, Matthew
                        and Tran, Nhan",
      title          = "{Pileup Per Particle Identification}",
      journal        = "JHEP",
      volume         = "10",
      year           = "2014",
      pages          = "059",
      doi            = "10.1007/JHEP10(2014)059",
      eprint         = "1407.6013",
      archivePrefix  = "arXiv",
      primaryClass   = "hep-ph",
      reportNumber   = "FERMILAB-PUB-14-238-PPD, EFI-14-18, MIT-CTP-4558",
      SLACcitation   = "%%CITATION = ARXIV:1407.6013;%%"
}
@article{Salam:2009jx,
      author         = "Salam, Gavin P.",
      title          = "Towards jetography",
      booktitle      = "{2008 CTEQ-MCnet Summer School on QCD Phenomenology and
                        Monte Carlo Event Generators (MCnet 08) (CTEQ 08)
                        Debrecen, Hungary, August 8-16, 2008}",
      journal        = "Eur. Phys. J. C",
      volume         = "67",
      year           = "2010",
      pages          = "637",
      doi            = "10.1140/epjc/s10052-010-1314-6",
      eprint         = "0906.1833",
      archivePrefix  = "arXiv",
      primaryClass   = "hep-ph",
      SLACcitation   = "%%CITATION = ARXIV:0906.1833;%%"
}
@article{HerwigppV23,
      author         = "Gieseke, S. and others",
      title          = "{Herwig++ 2.5 Release Note}",
      year           = "2011",
      eprint         = "1102.1672",
      archivePrefix  = "arXiv",
      primaryClass   = "hep-ph",
      reportNumber   = "IPPP-11-09, MCNET-11-04, DCPT-11-18, DESY-11-018,
                        KA-TP-04-2011",
      SLACcitation   = "%%CITATION = ARXIV:1102.1672;%%"
}
@article{PDF4LHC,
      author         = "Botje, Michiel and others",
      title          = "{The PDF4LHC Working Group Interim Recommendations}",
      year           = "2011",
      eprint         = "1101.0538",
      archivePrefix  = "arXiv",
      primaryClass   = "hep-ph",
      SLACcitation   = "%%CITATION = ARXIV:1101.0538;%%"
}
@inproceedings{BBLite,
      author         = "Conway, J. S.",
      title          = "{Incorporating Nuisance Parameters in Likelihoods for
                        Multisource Spectra}",
      booktitle      = "{Proceedings, PHYSTAT 2011 Workshop on Statistical Issues
                        Related to Discovery Claims in Search Experiments and
                        Unfolding, CERN,Geneva, Switzerland 17-20 January 2011}",
      year           = "2011",
      url            = "https://inspirehep.net/record/891252/files/arXiv:1103.0354.pdf",
      pages          = "115-120",
      doi            = "10.5170/CERN-2011-006.115",
      eprint         = "1103.0354",
      archivePrefix  = "arXiv",
      primaryClass   = "physics.data-an",
      SLACcitation   = "%%CITATION = ARXIV:1103.0354;%%"
}
@article{Krohn:2009th,
      author         = "Krohn, David and Thaler, Jesse and Wang, Lian-Tao",
      title          = "{Jet Trimming}",
      journal        = "JHEP",
      volume         = "02",
      year           = "2010",
      pages          = "084",
      doi            = "10.1007/JHEP02(2010)084",
      eprint         = "0912.1342",
      archivePrefix  = "arXiv",
      primaryClass   = "hep-ph",
      SLACcitation   = "%%CITATION = ARXIV:0912.1342;%%"
}

@techreport{CMS-PAS-JME-16-003,
      title         = "{Jet algorithms performance in 13 TeV data}",
      institution   = "CERN",
      collaboration = "CMS",
      number        = "CMS-PAS-JME-16-003",
      year          = "2017",
      reportNumber  = "CMS-PAS-JME-16-003",
      url           = "",
      TYPE          = "CMS Physics Analysis Summary",
}
@article{Larkoski:2014wba,
      author         = "Larkoski, Andrew J. and Marzani, Simone and Soyez,Gregory and Thaler, Jesse",
      title          = "{Soft Drop}",
      journal        = "JHEP",
      volume         = "05",
      year           = "2014",
      pages          = "146",
      doi            = "10.1007/JHEP05(2014)146",
      eprint         = "1402.2657",
      archivePrefix  = "arXiv",
      primaryClass   = "hep-ph",
      reportNumber   = "MIT-CTP-4531, DCPT-14-24, IPPP-14-12",
      SLACcitation   = "%%CITATION = ARXIV:1402.2657;%%"
}
@article{POWHEG,
  author={Stefano Frixione and Giovanni Ridolfi and Paolo Nason},
  title={A positive-weight next-to-leading-order Monte Carlo for heavy flavour hadroproduction},
  journal={JHEP},
  volume={09},
  pages={126},
   year={2007},
  doi            = "10.1088/1126-6708/2007/09/126",
  eprint         = "0707.3088",
  archivePrefix  = "arXiv",
  primaryClass   = "hep-ph",
}

@article{POWHEG_Frixione,
      author         = "Frixione, Stefano and Nason, Paolo and Oleari, Carlo",
      title          = "{Matching NLO QCD computations with Parton Shower
                        simulations: the POWHEG method}",
      journal        = "JHEP",
      volume         = "11",
      pages          = "070",
      doi            = "10.1088/1126-6708/2007/11/070",
      year           = "2007",
      eprint         = "0709.2092",
      archivePrefix  = "arXiv",
      primaryClass   = "hep-ph",
      reportNumber   = "BICOCCA-FT-07-9, GEF-TH-21-2007",
      SLACcitation   = "%%CITATION = ARXIV:0709.2092;%%",
}
@article{POWHEGBOX,
      author         = "Alioli, Simone and Nason, Paolo and Oleari, Carlo and Re,
                        Emanuele",
      title          = "{A general framework for implementing NLO calculations in
                        shower Monte Carlo programs: the POWHEG BOX}",
      journal        = "JHEP",
      volume         = "06",
      year           = "2010",
      pages          = "043",
      doi            = "10.1007/JHEP06(2010)043",
      eprint         = "1002.2581",
      archivePrefix  = "arXiv",
      primaryClass   = "hep-ph",
      reportNumber   = "DESY-10-018, SFB-CPP-10-22, IPPP-10-11, DCPT-10-22",
      SLACcitation   = "%%CITATION = ARXIV:1002.2581;%%"
}
@article{LHCppXSec,
      Author         = {{ATLAS Collaboration}},
      title          = "{Measurement of the Inelastic Proton-Proton Cross Section
                        at $\sqrt{s} = 13$ TeV with the ATLAS Detector at the
                        LHC}",
      collaboration  = "ATLAS",
      journal        = "Phys. Rev. Lett.",
      volume         = "117",
      year           = "2016",
      pages          = "182002",
      doi            = "10.1103/PhysRevLett.117.182002",
      eprint         = "1606.02625",
      archivePrefix  = "arXiv",
      primaryClass   = "hep-ex",
      reportNumber   = "CERN-EP-2016-140",
      SLACcitation   = "%%CITATION = ARXIV:1606.02625;%%"
}
@article{LHCHXSecWG,
      title          = "{Handbook of LHC Higgs Cross Sections: 4. Deciphering the
                        Nature of the Higgs Sector}",
      author         = "{LHC Higgs Cross Section Working Group, D. de Florian et al.}",
      institution    = "",
      type           = "",
      year           = "2016",
      eprint         = "1610.07922",
      archivePrefix  = "arXiv",
      primaryClass   = "hep-ph",
      reportNumber   = "FERMILAB-FN-1025-T",
      SLACcitation   = "%%CITATION = ARXIV:1610.07922;%%"
}
@article{Khachatryan:2016cfa,
      author         = "Khachatryan, Vardan and others",
      title          = "{Search for heavy resonances decaying to two Higgs bosons
                        in final states containing four b quarks}",
      collaboration  = "CMS",
      journal        = "Eur. Phys. J. C",
      volume         = "76",
      year           = "2016",
      pages          = "371",
      doi            = "10.1140/epjc/s10052-016-4206-6",
      eprint         = "1602.08762",
      archivePrefix  = "arXiv",
      primaryClass   = "hep-ex",
      reportNumber   = "CMS-EXO-12-053, CERN-EP-2016-041",
      SLACcitation   = "%%CITATION = ARXIV:1602.08762;%%"
}
@article{Aaboud:2016xco,
      author         = "Aaboud, Morad and others",
      title          = "{Search for pair production of Higgs bosons in the
                        $b\bar{b}b\bar{b}$ final state using proton--proton
                        collisions at $\sqrt{s} = 13$ TeV with the ATLAS
                        detector}",
      collaboration  = "ATLAS",
      journal        = "Phys. Rev. D",
      volume         = "94",
      year           = "2016",
      pages          = "052002",
      doi            = "10.1103/PhysRevD.94.052002",
      eprint         = "1606.04782",
      archivePrefix  = "arXiv",
      primaryClass   = "hep-ex",
      reportNumber   = "CERN-EP-2016-142",
      SLACcitation   = "%%CITATION = ARXIV:1606.04782;%%"
}
@article{Khachatryan:2016sey,
      author         = "Khachatryan, Vardan and others",
      title          = "{Search for two Higgs bosons in final states containing
                        two photons and two bottom quarks in proton-proton
                        collisions at 8 TeV}",
      collaboration  = "CMS",
      journal        = "Phys. Rev. D",
      volume         = "94",
      year           = "2016",
      pages          = "052012",
      doi            = "10.1103/PhysRevD.94.052012",
      eprint         = "1603.06896",
      archivePrefix  = "arXiv",
      primaryClass   = "hep-ex",
      reportNumber   = "CMS-HIG-13-032, CERN-EP-2016-050",
      SLACcitation   = "%%CITATION = ARXIV:1603.06896;%%"
}
