

@article{UChicago,
      author         = "Berlin, Asher and Lin, Tongyan and Wang, Lian-Tao",
      title          = "{Mono-Higgs Detection of Dark Matter at the LHC}",
      journal        = "JHEP",
      volume         = "1406",
      pages          = "078",
      doi            = "10.1007/JHEP06(2014)078",
      year           = "2014",
      eprint         = "1402.7074",
      archivePrefix  = "arXiv",
      primaryClass   = "hep-ph",
      SLACcitation   = "%%CITATION = ARXIV:1402.7074;%%",
}



@article{UCIrvine,
      author         = "Carpenter, Linda and DiFranzo, Anthony and Mulhearn,
                        Michael and Shimmin, Chase and Tulin, Sean and others",
      title          = "{Mono-Higgs-boson: A new collider probe of dark matter}",
      journal        = "Phys.Rev.",
      number         = "7",
      volume         = "D89",
      pages          = "075017",
      doi            = "10.1103/PhysRevD.89.075017",
      year           = "2014",
      eprint         = "1312.2592",
      archivePrefix  = "arXiv",
      primaryClass   = "hep-ph",
      SLACcitation   = "%%CITATION = ARXIV:1312.2592;%%",
}

@TECHREPORT{MuonRerecoConfig,
     AUTHOR       = "S.S. Yu",
     TITLE        = "Configuration file for the muon re-reconstruction",
     TYPE         = "python",
     URL          = "https://github.com/syuvivida/xtozh_common/blob/master/python_file/muonRereco.py",
     YEAR         = "2014"}

@TECHREPORT{UpgradeInstruction,
     AUTHOR       = "S.S. Yu, C.W. Chen",
     TITLE        = "Instruction to Display CMS Phase II Tracker Geometry",
     TYPE         = "twiki",
     URL          = "https://twiki.cern.ch/twiki/bin/view/Main/InstructionChingWei",
     YEAR         = "2015"}



@TECHREPORT{CMS_AN_2013-040,
     AUTHOR       = "EXO-VV team",
     TITLE        = "Search for a BSM resonance decaying to Z vector bosons in the semileptonic final state",
     TYPE      = "CMS Note",
     NUMBER       = "2013/040",
     YEAR         = "2013"}

@TECHREPORT{CMS-PAS-EXO-15-002,
      COLLABORATION = "CMS",
      TITLE       = "Search for massive resonances decaying into pairs of boosted W and Z bosons at $\sqrt{s}=13$~TeV",
      AUTHOR      = "{CMS Collaboration}",
      INSTITUTION = "CERN",
      URL         = "http://cds.cern.ch/record/2117062?ln=en",
      TYPE        = "CMS Physics Analysis Summary",
      NUMBER      = "CMS-PAS-EXO-15-002",
      YEAR        = "2015"
}

@TECHREPORT{CMS-PAS-B2G-16-003,
      COLLABORATION = "CMS",
      TITLE       = "Search for heavy resonances decaying into a vector boson and a Higgs boson in the (ll, lnu, nunu) bb final state",
      AUTHOR      = "{CMS Collaboration}",
      INSTITUTION = "CERN",
      URL         = "http://cds.cern.ch/record/2141576?ln=en",
      TYPE        = "CMS Physics Analysis Summary",
      NUMBER      = "CMS-PAS-B2G-16-003",
      YEAR        = "2016"
}



@TECHREPORT{HGC-TDR,
      COLLABORATION = "CMS",
      TITLE       = "Technical Proposal for the Phase-II Upgrade of the Compact Muon Solenoid",
      AUTHOR      = "{CMS Collaboration}",
      INSTITUTION = "CERN",
      URL         = "http://cds.cern.ch/record/2020886",
      TYPE        = "CMS Technical Proposal",
      NUMBER      = "CERN-LHCC-2015-010",
      YEAR        = "2015"
}


@article{compoone,
      author         = "Bellazzini, Brando and Cs√°ki, Csaba and Serra, Javi",
      title          = "{Composite Higgses}",
      journal        = "Eur.Phys.J.",
      number         = "5",
      volume         = "C74",
      pages          = "2766",
      doi            = "10.1140/epjc/s10052-014-2766-x",
      year           = "2014",
      eprint         = "1401.2457",
      archivePrefix  = "arXiv",
      primaryClass   = "hep-ph",
      SLACcitation   = "%%CITATION = ARXIV:1401.2457;%%",
}
@article{compotwo,
      author         = "Contino, Roberto and Marzocca, David and Pappadopulo,
                        Duccio and Rattazzi, Riccardo",
      title          = "{On the effect of resonances in composite Higgs
                        phenomenology}",
      journal        = "JHEP",
      volume         = "1110",
      pages          = "081",
      doi            = "10.1007/JHEP10(2011)081",
      year           = "2011",
      eprint         = "1109.1570",
      archivePrefix  = "arXiv",
      primaryClass   = "hep-ph",
      reportNumber   = "CERN-PH-TH-2009-036",
      SLACcitation   = "%%CITATION = ARXIV:1109.1570;%%",
}
@article{compothree,
      author         = "Marzocca, David and Serone, Marco and Shu, Jing",
      title          = "{General Composite Higgs Models}",
      journal        = "JHEP",
      volume         = "1208",
      pages          = "013",
      doi            = "10.1007/JHEP08(2012)013",
      year           = "2012",
      eprint         = "1205.0770",
      archivePrefix  = "arXiv",
      primaryClass   = "hep-ph",
      reportNumber   = "SISSA-11-2012-EP",
      SLACcitation   = "%%CITATION = ARXIV:1205.0770;%%",
}

@article{little,
      author         = "Han, Tao and Logan, Heather E. and McElrath, Bob and
                        Wang, Lian-Tao",
      title          = "{Phenomenology of the little Higgs model}",
      journal        = "Phys.Rev.",
      volume         = "D67",
      pages          = "095004",
      doi            = "10.1103/PhysRevD.67.095004",
      year           = "2003",
      eprint         = "hep-ph/0301040",
      archivePrefix  = "arXiv",
      primaryClass   = "hep-ph",
      reportNumber   = "MADPH-02-1317",
      SLACcitation   = "%%CITATION = HEP-PH/0301040;%%",
}

@article{hvt,
      author         = "Pappadopulo, Duccio and Thamm, Andrea and Torre, Riccardo
                        and Wulzer, Andrea",
      title          = "{Heavy Vector Triplets: Bridging Theory and Data}",
      journal        = "JHEP",
      volume         = "1409",
      pages          = "060",
      doi            = "10.1007/JHEP09(2014)060",
      year           = "2014",
      eprint         = "1402.4431",
      archivePrefix  = "arXiv",
      primaryClass   = "hep-ph",
      SLACcitation   = "%%CITATION = ARXIV:1402.4431;%%",
}

@TECHREPORT{CMS-PAS-LUM-12-001,
      AUTHOR        = "{CMS Collaboration}",
      COLLABORATION = {CMS},
      TITLE         = "CMS Luminosity Based on Pixel Cluster Counting - Summer
                      2012 Update",
      URL           = "http://cdsweb.cern.ch/record/1482193",
      TYPE          = "CMS Physics Analysis Summary",
      NUMBER        = "CMS-PAS-LUM-12-001",
      YEAR          = "2012",
}
@article{Chatrchyan:2011tn,
      author         = "Chatrchyan, Serguei and others",
      title          = "{Missing transverse energy performance of the CMS
                        detector}",
      collaboration  = "CMS Collaboration",
      journal        = "JINST",
      volume         = "6",
      pages          = "P09001",
      doi            = "10.1088/1748-0221/6/09/P09001",
      year           = "2011",
}

@article{LHCHiggsCrossSectionWorkingGroup:2011ti,
    author  = "{LHC Higgs Cross Section Working Group} and Dittmaier, S. and Mariotti, C. and Passarino, G. and Tanaka (Eds.), R.",
    title   = "{Handbook of LHC Higgs Cross Sections: 1. Inclusive Observables}",
    journal = "CERN-2011-002",
    year    = "CERN, Geneva, 2011",
    eprint  = "1101.0593",
    archivePrefix = "arXiv",
    primaryClass  = "hep-ph",
}


@article{Cabibbo:1965zzb,
      author         = "Cabibbo, Nicola and Maksymowicz, Alexander",
      title          = "{Angular Correlations in Ke-4 Decays and Determination of
                        Low-Energy pi-pi Phase Shifts}",
      journal        = "Phys.Rev.",
      volume         = "137",
      pages          = "B438-B443",
      doi            = "10.1103/PhysRev.137.B438, 10.1103/PhysRev.168.1926",
      year           = "1965",
      SLACcitation   = "%%CITATION = PHRVA,137,B438;%%",
}

@Article{Gao:2010qx,
     author    = "Gao, Yanyan and others",
     title     = "{Spin determination of single-produced resonances at hadron colliders}",
     journal   = "Phys. Rev.",
     volume    = "D81",
     year      = "2010",
     pages     = "075022",
     eprint    = "1001.3396",
     archivePrefix = "arXiv",
     primaryClass  =  "hep-ph",
     doi       = "10.1103/PhysRevD.81.075022",
     SLACcitation  = "%%CITATION = 1001.3396;%%"
}


@ARTICLE{CMS20112l2q,
     AUTHOR       = "",
     collaboration = "CMS",
     TITLE        = "Search for a Higgs boson in the decay channel H$\rightarrow$ ZZ$\rightarrow$ qqll in pp collisions at $\sqrt s$=7~TeV",
     JOURNAL      = "JHEP",
     VOLUME       = "04",
     YEAR         = "2012",
     PAGES        = "036",
     doi          = "10.1007/JHEP04(2012)036"
}


@article{Beringer:1900zz,
      author = {{\relax Particle Data Group Collaboration}},
      title          = "{Review of Particle Physics}",
      journal        = "Phys. Rev. D",
      volume         = "86",
      pages          = "010001",
      doi            = "10.1103/PhysRevD.86.010001",
      year           = "2012",
      SLACcitation   = "%%CITATION = PHRVA,D86,010001;%%",
}
@article{Chatrchyan:2014dha,
      author         = "Chatrchyan, Serguei and others",
      title          = "{Measurement of the production cross sections for a Z
                        boson and one or more b jets in pp collisions at
                        $\sqrt{s}$ = 7 TeV}",
      collaboration  = "CMS Collaboration",
      year           = "2014",
      eprint         = "1402.1521",
      archivePrefix  = "arXiv",
      primaryClass   = "hep-ex",
      reportNumber   = "CMS-SMP-13-004, CERN-PH-EP-2014-005",
      SLACcitation   = "%%CITATION = ARXIV:1402.1521;%%",
}

@Article{CMS-BTV-10-001,
    collaboration = "CMS",
     title     = "{Commissioning of b-jet identification with pp collisions at $\sqrt{s}$ = 7~TeV}",
     year      = "2010",
       journal  = "CMS-BTV-10-001"
}

@Article{CMS-BTV-11-001,
    collaboration = "CMS",
     title     = "{Performance of b-jet identification in CMS}",
     year      = "2011",
       journal  = "CMS-BTV-11-001"
}

@Article{CMS-BTV-11-003,
    collaboration = "CMS",
     title     = "{Measurement of b-tagging efficiency using ttbar events}",
     year      = "2011",
       journal  = "CMS-BTV-11-003"
}
@Article{CMS-BTV-13-001,
      title          = "{Performance of b tagging at sqrt(s)=8 TeV in multijet,
                        ttbar and boosted topology events}",
      collaboration  = "CMS",
      year           = "2013",
      reportNumber   = "CMS-PAS-BTV-13-001",
      SLACcitation   = "%%CITATION = CMS-PAS-BTV-13-001 ETC.;%%",
}


@Article{CMS-BTV-11-004,
    collaboration = "CMS",
     title     = "{b-Jet Identification in the CMS Experiment}",
     year      = "2011",
       journal  = "CMS-BTV-11-004"
}

@article{Chatrchyan:2012jua,
      author         = "Chatrchyan, Serguei and others",
      title          = "{Identification of b-quark jets with the CMS experiment}",
      collaboration  = "CMS Collaboration",
      journal        = "JINST",
      volume         = "8",
      pages          = "P04013",
      doi            = "10.1088/1748-0221/8/04/P04013",
      year           = "2013",
      eprint         = "1211.4462",
      archivePrefix  = "arXiv",
      primaryClass   = "hep-ex",
      reportNumber   = "CMS-BTV-12-001, CERN-PH-EP-2012-262",
      SLACcitation   = "%%CITATION = ARXIV:1211.4462;%%",
}

@Article{Cacciari:2007fd,
    author    = "Cacciari, Matteo and Salam, Gavin P.",
    title     = "{Pileup subtraction using jet areas}",
    journal   = "Phys. Lett.",
    volume    = "B659",
    year      = "2008",
    pages     = "119",
    eprint    = "0707.1378",
    archivePrefix = "arXiv",
    primaryClass  =  "hep-ph",
    doi       = "10.1016/j.physletb.2007.09.077",
}

@Article{Cacciari:2008gp,
     AUTHOR    = "Cacciari, Matteo and Salam, Gavin P. and Soyez, Gregory",
     TITLE     = "The anti-$k_t$ jet clustering algorithm",
     JOURNAL   = "JHEP",
     VOLUME    = "04",
     YEAR      = "2008",
     PAGES     = "063",
     doi       = "10.1088/1126-6708/2008/04/063",
     eprint         = "0802.1189",
     archivePrefix  = "arXiv",
     primaryClass   = "hep-ex",
}

@Article{Cacciari:2008gn,
     author    = "Cacciari, Matteo and Salam, Gavin P. and Soyez, Gregory",
     title     = "{The Catchment Area of Jets}",
     journal   = "JHEP",
     volume    = "04",
     year      = "2008",
     pages     = "005",
     eprint    = "0802.1188",
     archivePrefix = "arXiv",
     primaryClass  =  "hep-ph",
     doi       = "10.1088/1126-6708/2008/04/005",
     SLACcitation  = "%%CITATION = 0802.1188;%%"
}


@Article{Chatrchyan:2011ds,
     author    = "Chatrchyan, Serguei and others",
 collaboration = "CMS",
     title     = "{Determination of Jet Energy Calibration and Transverse
                  Momentum Resolution in CMS}",
     journal   = "JINST",
     volume    = "6",
     year      = "2011",
     pages     = "P11002",
     eprint    = "1107.4277",
     archivePrefix = "arXiv",
     primaryClass  =  "physics.ins-det",
     doi       = "10.1088/1748-0221/6/11/P11002",
     SLACcitation  = "%%CITATION = 1107.4277;%%"
}


@Article{CMS-PAS-PFT-09-001,
    collaboration = "CMS",
     title     = "{Particle Flow Event Reconstruction in CMS and Performance for Jets, Taus, and Emiss}",
     year      = "2009",
       journal  = "CMS-PAS-PFT-09-001"
}

@Article{CMS-PAS-PFT-10-002,
    collaboration = "CMS",
     title     = "{Commissioning of the Particle-Flow Reconstruction in Minimum-Bias and Jet Events from pp Collisions at 7 TeV}",
     year      = "2010",
       journal  = "CMS-PAS-PFT-10-002"
}

@ARTICLE{VBTF,
title="Measurements of inclusive W and Z cross sections in pp collisions at $\sqrt{s}=7$~TeV",
collaboration="CMS",
journal="JHEP",
volume="01",
year="2011",
pages="001",
     eprint    = "1012.2466",
     archivePrefix = "arXiv",
doi="10.1007/JHEP01(2011)080"
}


@article{Alwall:2011uj,
      author         = "Alwall, Johan and Herquet, Michel and Maltoni, Fabio and
                        Mattelaer, Olivier and Stelzer, Tim",
      title          = "{MadGraph 5 : going beyond}",
      journal        = "JHEP",
      volume         = "06",
      pages          = "128",
      doi            = "10.1007/JHEP06(2011)128",
      year           = "2011",
      eprint         = "1106.0522",
      archivePrefix  = "arXiv",
      primaryClass   = "hep-ph",
      reportNumber   = "FERMILAB-PUB-11-448-T",
      SLACcitation   = "%%CITATION = ARXIV:1106.0522;%%",
}

@Article{GEANT4,
     author    = "Agostinelli, S. and others",
 collaboration = "GEANT4",
     title     = "{GEANT4: a simulation toolkit}",
     journal   = "Nucl. Instrum. Meth.",
     volume    = "A506",
     year      = "2003",
     pages     = "250",
     doi       = "10.1016/S0168-9002(03)01368-8",
     SLACcitation  = "%%CITATION = NUIMA,A506,250;%%"
}

@ARTICLE{Nason:2004,
     AUTHOR       = "Nason, P.",
    collaboration = "",
     TITLE        = "A New Method for Combining NLO QCD with Shower Monte Carlo Algorithms ",
     JOURNAL      = "JHEP",
     VOLUME       = "11",
     YEAR         = "2004",
     PAGES        = "040",
     SLACcitation  = "arXiv:hep-ph/0409146",
     doi       = "10.1088/1126-6708/2004/11/040"
}

@ARTICLE{Frixione:2007,
     AUTHOR       = "Frixione, S. and Nason, P. and Oleari, C.",
    collaboration = "",
     TITLE        = "Matching NLO QCD Computations with Parton Shower Simulations: the POWHEG method",
     JOURNAL      = "JHEP",
     VOLUME       = "11",
     YEAR         = "2007",
     PAGES        = "070",
     SLACcitation  = "arXiv:0709.2092",
     doi       = "10.1088/1126-6708/2007/11/070"
}

@ARTICLE{Alioli:2008,
     AUTHOR       = "Alioli, S. and Nason, P. and Oleari, C. and Re, E.",
    collaboration = "",
     TITLE        = "NLO Vector-Boson Production Matched with Shower in POWHEG",
     JOURNAL      = "JHEP",
     VOLUME       = "07",
     YEAR         = "2008",
     PAGES        = "06",
     SLACcitation  = "arXiv:0805.4802",
     doi       = "10.1088/1126-6708/2008/07/060"
}
@Article{pythiasix,
     author    = "{T. Sj\"ostrand, S. Mrennan and P. Z. Skands}",
     title     = "{PYTHIA 6.4 Physics and Manual}",
     journal   = "JHEP",
     volume    = "05",
     year      = "2006",
     pages     = "026",
     eprint    = "hep-ph/0603175",
     archivePrefix = "arXiv",
     SLACcitation  = "%%CITATION = HEP-PH/0603175;%%"
}

@Article{Passarino:2010qk,
    author    = "Passarino, Giampiero and Sturm, Christian and Uccirati,
                 Sandro",
    title     = "{Higgs Pseudo-Observables, Second Riemann Sheet and All
                 That}",
    journal   = "Nucl. Phys.",
    volume    = "B834",
    year      = "2010",
    pages     = "77-115",
    eprint    = "1001.3360",
    archivePrefix = "arXiv",
    primaryClass  =  "hep-ph",
    doi       = "10.1016/j.nuclphysb.2010.03.013",
    SLACcitation  = "%%CITATION = 1001.3360;%%"
}
@article{Kauer:2012hd,
      author         = "Kauer, Nikolas and Passarino, Giampiero",
      title          = "{Inadequacy of zero-width approximation for a light Higgs
                        boson signal}",
      journal        = "JHEP",
      volume         = "08",
      pages          = "116",
      doi            = "10.1007/JHEP08(2012)116",
      year           = "2012",
      eprint         = "1206.4803",
      archivePrefix  = "arXiv",
      primaryClass   = "hep-ph",
      SLACcitation   = "%%CITATION = ARXIV:1206.4803;%%",
}
@article{Goria:2011wa,
      author         = "Goria, Stefano and Passarino, Giampiero and Rosco, Dario",
      title          = "{The Higgs Boson Lineshape}",
      journal        = "Nucl.Phys.",
      volume         = "B864",
      pages          = "530-579",
      doi            = "10.1016/j.nuclphysb.2012.07.006",
      year           = "2012",
      eprint         = "1112.5517",
      archivePrefix  = "arXiv",
      primaryClass   = "hep-ph",
      SLACcitation   = "%%CITATION = ARXIV:1112.5517;%%",
}
@article{Passarino:2012ri,
      author         = "Passarino, Giampiero",
      title          = "{Higgs Interference Effects in $gg\rightarrow ZZ$ and their Uncertainty}",
      journal        = "JHEP",
      volume         = "08",
      pages          = "146",
      doi            = "10.1007/JHEP08(2012)146",
      year           = "2012",
      eprint         = "1206.3824",
      archivePrefix  = "arXiv",
      primaryClass   = "hep-ph",
      SLACcitation   = "%%CITATION = ARXIV:1206.3824;%%",
}
@article{Kauer:2012ma,
      author         = "Kauer, Nikolas",
      title          = "{Signal-background interference in gg -&gt; H -&gt; VV}",
      year           = "2012",
      eprint         = "1201.1667",
      archivePrefix  = "arXiv",
      primaryClass   = "hep-ph",
      SLACcitation   = "%%CITATION = ARXIV:1201.1667;%%",
}

@article{Lai:2010vv,
     author         = "Lai, Hung-Liang and Guzzi, Marco and Huston, Joey and Li,
                       Zhao and Nadolsky, Pavel M. and others",
     title          = "{New parton distributions for collider physics}",
     journal        = "Phys.Rev.",
     volume         = "D82",
     pages          = "074024",
     doi            = "10.1103/PhysRevD.82.074024",
     year           = "2010",
     eprint         = "1007.2241",
     archivePrefix  = "arXiv",
     primaryClass   = "hep-ph",
}
@ARTICLE{CTEQ6:2004,
      author         = "Kretzer, S. and Lai, H.L. and Olness, F.I. and Tung, W.K.",
      title          = "{CTEQ6} parton distributions with heavy quark mass effects",
      journal        = "Phys. Rev. D",
      volume         = "69",
      pages          = "114005",
      doi            = "10.1103/PhysRevD.69.114005",
      year           = "2004",
      eprint         = "hep-ph/0307022",
      archivePrefix  = "arXiv",
      primaryClass   = "hep-ph"
     }


@TECHREPORT{direct,
      AUTHOR      = "{CMS Collaboration}",
      COLLABORATION = {CMS},
      TITLE       = "Search for a heavy Higgs boson in the H to ZZ to 2l2nu channel in pp collisions at sqrt(s)= 7 and 8 TeV",
      URL         = "http://cds.cern.ch/record/1546776",
      TYPE        = "CMS Physics Analysis Summary",
      NUMBER      = "CMS-PAS-HIG-13-014",
      YEAR        = "2013"
}


@article{singlet,
      author         = "Bowen, Matthew and Cui, Yanou and Wells, James D.",
      title          = "{Narrow trans-TeV Higgs bosons and $H\rightarrow hh$ decays:
                        Two LHC search paths for a hidden sector Higgs boson}",
      journal        = "JHEP",
      volume         = "0703",
      pages          = "036",
      doi            = "10.1088/1126-6708/2007/03/036",
      year           = "2007",
      eprint         = "hep-ph/0701035",
      archivePrefix  = "arXiv",
      primaryClass   = "hep-ph",
      reportNumber   = "MCTP-07-02",
      SLACcitation   = "%%CITATION = HEP-PH/0701035;%%",
}

@article{vbfmodel,
      author         = "Heinemeyer, S and others",
      editor         = "Heinemeyer, S",
      title          = "{Handbook of LHC Higgs Cross Sections: 3. Higgs
                        Properties}",
      collaboration  = "LHC Higgs Cross Section Working Group",
      doi            = "10.5170/CERN-2013-004",
      year           = "2013",
      eprint         = "1307.1347",
      archivePrefix  = "arXiv",
      primaryClass   = "hep-ph",
      reportNumber   = "CERN-2013-004, FERMILAB-CONF-13-667-T",
      SLACcitation   = "%%CITATION = ARXIV:1307.1347;%%",
}

@TECHREPORT{powhegscript,
     AUTHOR        = "{Shin-Shan Eiko Yu}",
     COLLABORATION = {CMS},
     TITLE         = "location of powheg scripts",
     TYPE          = "github link",
     URL           = "https://github.com/cms-sw/genproductions/tree/master/bin/Powheg",
     YEAR          = "2014"
}


@TECHREPORT{powhegtwiki,
     AUTHOR        = "{Shin-Shan Eiko Yu}",
     COLLABORATION = {CMS},
     TITLE         = "How to Produce and Run a Precompiled Powheg Tarball",
     TYPE          = "twiki",
     URL           = "https://twiki.cern.ch/twiki/bin/viewauth/CMS/PowhegBOXPrecompiled",
     YEAR          = "2014"
}

@TECHREPORT{classone,
     AUTHOR        = "{Shin-Shan Eiko Yu}",
     COLLABORATION = {CMS},
     TITLE         = "class to store cross section",
     TYPE          = "github link",
     URL           = "http://cmslxr.fnal.gov/lxr/source/SimDataFormats/GeneratorProducts/interface/GenLumiInfoProduct.h",
     YEAR          = "2014"
}


@TECHREPORT{classtwo,
     AUTHOR       = "{Shin-Shan Eiko Yu}",
     COLLABORATION = {CMS},
     TITLE        = "class to compute cross section",
     TYPE         = "github link",
     URL          = "http://cmslxr.fnal.gov/lxr/source/GeneratorInterface/Core/interface/GenXSecAnalyzer.h",
     YEAR         = "2014"
}


@ARTICLE{AN-14-062,
     AUTHOR       = "{H. Y.S. Tong, S.S.~Yu}",
     TITLE        = "Determination of the uncertainties on the MCFM cross sections for the diboson and ttbar productions",
     JOURNAL      = "CMS Analysis Note",
     VOLUME       = "AN-14-062",
     YEAR         = "2014"}


@article{pythia,
      author         = "Sj√∂strand, Torbj√∂rn and Ask, Stefan and Christiansen,
                        Jesper R. and Corke, Richard and Desai, Nishita and
                        others",
      title          = "{An Introduction to PYTHIA 8.2}",
      year           = "2014",
      eprint         = "1410.3012",
      archivePrefix  = "arXiv",
      primaryClass   = "hep-ph",
      reportNumber   = "LU-TP-14-36, MCNET-14-22, CERN-PH-TH-2014-190,
                        FERMILAB-PUB-14-316-CD, DESY-14-178, SLAC-PUB-16122",
      SLACcitation   = "%%CITATION = ARXIV:1410.3012;%%",
}



@article{rivet,
      author         = "Buckley, Andy and Butterworth, Jonathan and Lonnblad,
                        Leif and Grellscheid, David and Hoeth, Hendrik and others",
      title          = "{Rivet user manual}",
      journal        = "Comput.Phys.Commun.",
      volume         = "184",
      pages          = "2803-2819",
      doi            = "10.1016/j.cpc.2013.05.021",
      year           = "2013",
      eprint         = "1003.0694",
      archivePrefix  = "arXiv",
      primaryClass   = "hep-ph",
      reportNumber   = "MCNET-10-03",
      SLACcitation   = "%%CITATION = ARXIV:1003.0694;%%",
}

@article{amcnlo,
      author         = "Alwall, J. and Frederix, R. and Frixione, S. and Hirschi,
                        V. and Maltoni, F. and others",
      title          = "{The automated computation of tree-level and
                        next-to-leading order differential cross sections, and
                        their matching to parton shower simulations}",
      journal        = "JHEP",
      volume         = "1407",
      pages          = "079",
      doi            = "10.1007/JHEP07(2014)079",
      year           = "2014",
      eprint         = "1405.0301",
      archivePrefix  = "arXiv",
      primaryClass   = "hep-ph",
      reportNumber   = "CERN-PH-TH-2014-064, CP3-14-18, LPN14-066, MCNET-14-09,
                        ZU-TH-14-14",
      SLACcitation   = "%%CITATION = ARXIV:1405.0301;%%",
}

@TECHREPORT{mcfm,
     AUTHOR       = "{Campbell, John M. and Ellis, R.K.}",
     TITLE        = "A Monte Carlo for FeMtobarn processes at Hadron Colliders (v6.1)",
     URL       = "http://mcfm.fnal.gov/mcfm.pdf",
     YEAR         = "2011"
     }


@article{alpgen,
      author         = "Mangano, Michelangelo L. and Moretti, Mauro and
                        Piccinini, Fulvio and Pittau, Roberto and Polosa, Antonio
                        D.",
      title          = "{ALPGEN, a generator for hard multiparton processes in
                        hadronic collisions}",
      journal        = "JHEP",
      volume         = "0307",
      pages          = "001",
      doi            = "10.1088/1126-6708/2003/07/001",
      year           = "2003",
      eprint         = "hep-ph/0206293",
      archivePrefix  = "arXiv",
      primaryClass   = "hep-ph",
      reportNumber   = "CERN-TH-2002-129, FTN-T-2002-06",
      SLACcitation   = "%%CITATION = HEP-PH/0206293;%%",
}


@article{powheg,
      author         = "Re, Emanuele",
      title          = "{Reaching NNLOPS accuracy with POWHEG and MiNLO}",
      journal        = "Nuovo Cim.",
      number         = "02",
      volume         = "C037",
      pages          = "137-142",
      doi            = "10.1393/ncc/i2014-11747-9",
      year           = "2014",
      eprint         = "1401.2944",
      archivePrefix  = "arXiv",
      primaryClass   = "hep-ph",
      SLACcitation   = "%%CITATION = ARXIV:1401.2944;%%",
}

@article{powhegtwo,
      author         = "Oleari, Carlo",
      title          = "{The POWHEG-BOX}",
      journal        = "Nucl.Phys.Proc.Suppl.",
      volume         = "205-206",
      pages          = "36-41",
      doi            = "10.1016/j.nuclphysbps.2010.08.016",
      year           = "2010",
      eprint         = "1007.3893",
      archivePrefix  = "arXiv",
      primaryClass   = "hep-ph",
      SLACcitation   = "%%CITATION = ARXIV:1007.3893;%%",
}


@article{Georgi:1994ha,
      author         = "Georgi, Howard and Kaplan, Lev and Morin, David and
                        Schenk, Andreas",
      title          = "{Effects of top compositeness}",
      journal        = "Phys.Rev.",
      volume         = "D51",
      pages          = "3888-3894",
      doi            = "10.1103/PhysRevD.51.3888",
      year           = "1995",
      eprint         = "hep-ph/9410307",
      archivePrefix  = "arXiv",
      primaryClass   = "hep-ph",
      reportNumber   = "HUTP-94-A035",
      SLACcitation   = "%%CITATION = HEP-PH/9410307;%%",
}
@article{Eichten:1983hw,
      author         = "Eichten, E. and Lane, Kenneth D. and Peskin, Michael E.",
      title          = "{New Tests for Quark and Lepton Substructure}",
      journal        = "Phys.Rev.Lett.",
      volume         = "50",
      pages          = "811-814",
      doi            = "10.1103/PhysRevLett.50.811",
      year           = "1983",
      reportNumber   = "SLAC-PUB-3128, FERMILAB-PUB-83-015-THY,
                        FERMILAB-PUB-83-015-T",
      SLACcitation   = "%%CITATION = PRLTA,50,811;%%",
}
@article{Pomarol:2008bh,
      author         = "Pomarol, Alex and Serra, Javi",
      title          = "{Top Quark Compositeness: Feasibility and Implications}",
      journal        = "Phys.Rev.",
      volume         = "D78",
      pages          = "074026",
      doi            = "10.1103/PhysRevD.78.074026",
      year           = "2008",
      eprint         = "0806.3247",
      archivePrefix  = "arXiv",
      primaryClass   = "hep-ph",
      reportNumber   = "UAB-FT-647",
      SLACcitation   = "%%CITATION = ARXIV:0806.3247;%%",
}
@article{Kumar:2009vs,
      author         = "Kumar, Kunal and Tait, Tim M.P. and Vega-Morales,
                        Roberto",
      title          = "{Manifestations of Top Compositeness at Colliders}",
      journal        = "JHEP",
      volume         = "0905",
      pages          = "022",
      doi            = "10.1088/1126-6708/2009/05/022",
      year           = "2009",
      eprint         = "0901.3808",
      archivePrefix  = "arXiv",
      primaryClass   = "hep-ph",
      reportNumber   = "ANL-HEP-PR-08-78, NUHEP-TH-08-11",
      SLACcitation   = "%%CITATION = ARXIV:0901.3808;%%",
}
@article{Lillie:2007hd,
      author         = "Lillie, Ben and Shu, Jing and Tait, Timothy M.P.",
      title          = "{Top Compositeness at the Tevatron and LHC}",
      journal        = "JHEP",
      volume         = "0804",
      pages          = "087",
      doi            = "10.1088/1126-6708/2008/04/087",
      year           = "2008",
      eprint         = "0712.3057",
      archivePrefix  = "arXiv",
      primaryClass   = "hep-ph",
      reportNumber   = "ANL-HEP-PR-07-96, EFI-07-31, NUHEP-TH-07-11",
      SLACcitation   = "%%CITATION = ARXIV:0712.3057;%%",
}

@Article{hassanain09,
     author         = "Hassanain, Babiker and March-Russell, John and Rosa, J.G.",
     title          = "{On the possibility of light string resonances at the LHC and Tevatron from Randall-Sundrum throats}",
     journal        = "JHEP",
     volume         = "0907",
     pages          = "077",
     doi            = "10.1088/1126-6708/2009/07/077",
     year           = "2009",
     eprint         = "0904.4108",
     archivePrefix  = "arXiv",
     primaryClass   = "hep-ph",
     reportNumber   = "OUTP-09-11",
     SLACcitation   = "%%CITATION = ARXIV:0904.4108;%%",
}
@Article{stirling12,
     author         = "Stirling, W.J. and Vryonidou, E.",
     title          = "{Effect of spin-3/2 top quark excitation on $t\bar{t}$ production at the LHC}",
     journal        = "JHEP",
     volume         = "1201",
     pages          = "055",
     doi            = "10.1007/JHEP01(2012)055",
     year           = "2012",
     eprint         = "1110.1565",
     archivePrefix  = "arXiv",
     primaryClass   = "hep-ph",
     SLACcitation   = "%%CITATION = ARXIV:1110.1565;%%",
}
@Article{baur90,
     author         = "Baur, U. and Spira, M. and Zerwas, P.M.",
     title          = "{EXCITED QUARK AND LEPTON PRODUCTION AT HADRON COLLIDERS}",
     journal        = "Phys.Rev.",
     volume         = "D42",
     pages          = "815-824",
     doi            = "10.1103/PhysRevD.42.815",
     year           = "1990",
     reportNumber   = "MAD-PH-534, PITHA-89-26",
     SLACcitation   = "%%CITATION = PHRVA,D42,815;%%",
}

@Article{moussallam89,
     author         = "Moussallam, B. and Soni, V.",
     title          = "{PRODUCTION OF HEAVY SPIN 3/2 FERMIONS IN COLLIDERS}",
     journal        = "Phys.Rev.",
     volume         = "D39",
     pages          = "1883-1891",
     doi            = "10.1103/PhysRevD.39.1883",
     year           = "1989",
     SLACcitation   = "%%CITATION = PHRVA,D39,1883;%%",
}
@Article{dicus98,
     author         = "Dicus, Duane A. and Gibbons, S. and Nandi, S.",
     title          = "{Collider production of spin 3/2 quarks}",
     year           = "1998",
     eprint         = "hep-ph/9806312",
     archivePrefix  = "arXiv",
     primaryClass   = "hep-ph",
     reportNumber   = "DOE-ER-40757-109, OSU-HEP-98-3, UTEXAS-HEP-98-2",
     SLACcitation   = "%%CITATION = HEP-PH/9806312;%%",
}
@Article{Rarita-Schwinger,
     author         = "Rarita, William and Schwinger, Julian",
     title          = "{On a theory of particles with half integral spin}",
     journal        = "Phys.Rev.",
     volume         = "60",
     pages          = "61",
     doi            = "10.1103/PhysRev.60.61",
     year           = "1941",
     SLACcitation   = "%%CITATION = PHRVA,60,61;%%",
}
@Article{Randall-Sundrum1,
     author         = "Randall, Lisa and Sundrum, Raman",
     title          = "{A Large mass hierarchy from a small extra dimension}",
     journal        = "Phys.Rev.Lett.",
     volume         = "83",
     pages          = "3370-3373",
     doi            = "10.1103/PhysRevLett.83.3370",
     year           = "1999",
     eprint         = "hep-ph/9905221",
     archivePrefix  = "arXiv",
     primaryClass   = "hep-ph",
     reportNumber   = "MIT-CTP-2860, PUPT-1860, BUHEP-99-9",
     SLACcitation   = "%%CITATION = HEP-PH/9905221;%%",
}
@Article{Randall-Sundrum2,
     author         = "Randall, Lisa and Sundrum, Raman",
     title          = "{An Alternative to compactification}",
     journal        = "Phys.Rev.Lett.",
     volume         = "83",
     pages          = "4690-4693",
     doi            = "10.1103/PhysRevLett.83.4690",
     year           = "1999",
     eprint         = "hep-th/9906064",
     archivePrefix  = "arXiv",
     primaryClass   = "hep-th",
     reportNumber   = "MIT-CTP-2874, PUPT-1867, BUHEP-99-13",
     SLACcitation   = "%%CITATION = HEP-TH/9906064;%%",
}

@Article{neutrino_species,
     author         = "Acciarri, M. and others",
     title          = "{Determination of the number of light neutrino species from single photon production at LEP}",
     collaboration  = "L3 Collaboration",
     journal        = "Phys.Lett.",
     volume         = "B431",
     pages          = "199-208",
     doi            = "10.1016/S0370-2693(98)00519-X",
     year           = "1998",
     reportNumber   = "CERN-EP-98-025, CERN-EP-98-25",
     SLACcitation   = "%%CITATION = PHLTA,B431,199;%%",
}
@Article{Madgraph,
      author         = "Maltoni, Fabio and Stelzer, Tim",
      title          = "{MadEvent: Automatic event generation with MadGraph}",
      journal        = "JHEP",
      volume         = "0302",
      pages          = "027",
      year           = "2003",
      eprint         = "hep-ph/0208156",
      archivePrefix  = "arXiv",
      primaryClass   = "hep-ph",
      SLACcitation   = "%%CITATION = HEP-PH/0208156;%%",
}

@Article{Geant,
      author         = "Allison, John and Amako, K. and Apostolakis, J. and
                        Araujo, H. and Dubois, P.A. and others",
      title          = "{Geant4 developments and applications}",
      journal        = "IEEE Trans.Nucl.Sci.",
      volume         = "53",
      pages          = "270",
      doi            = "10.1109/TNS.2006.869826",
      year           = "2006",
      reportNumber   = "SLAC-PUB-11870",
      SLACcitation   = "%%CITATION = IETNA,53,270;%%",
}

@Article{nason2007manual,
   title = {The POWHEG-hvq manual version 1.0},
   author = {Frixione, Stefano and Nason, Paolo and Ridolfi, Giovanni},
   organization = {http://arxiv.org/abs/0707.3081},
   year = {2007},
   note = {cite arxiv:0707.3081}
}

@Article{NLO--tprime,
      author         = "Berger, Edmond L. and Cao, Qing-Hong",
      title          = "{Next-to-Leading Order Cross Sections for New Heavy
                        Fermion Production at Hadron Colliders}",
      journal        = "Phys.Rev.",
      volume         = "D81",
      pages          = "035006",
      doi            = "10.1103/PhysRevD.81.035006",
      year           = "2010",
      eprint         = "0909.3555",
      archivePrefix  = "arXiv",
      primaryClass   = "hep-ph",
      reportNumber   = "ANL-HEP-PR-09-93, EFI-09-24",
      SLACcitation   = "%%CITATION = ARXIV:0909.3555;%%",
}
@article{cmsbtag:2012hd,
      author         = "Chatrchyan, Serguei and others",
      title          = "{Identification of b-quark jets with the CMS experiment}",
      collaboration  = "CMS Collaboration",
      year           = "2012",
      eprint         = "1211.4462",
      archivePrefix  = "arXiv",
      primaryClass   = "hep-ex",
      reportNumber   = "CMS-BTV-12-001, CERN-PH-EP-2012-262",
      SLACcitation   = "%%CITATION = ARXIV:1211.4462;%%",
}
@Article{AntiKt,
      author         = "Cacciari, Matteo and Salam, Gavin P. and Soyez, Gregory",
      title          = "{The Anti-k(t) jet clustering algorithm}",
      journal        = "JHEP",
      volume         = "0804",
      pages          = "063",
      doi            = "10.1088/1126-6708/2008/04/063",
      year           = "2008",
      eprint         = "0802.1189",
      archivePrefix  = "arXiv",
      primaryClass   = "hep-ph",
      reportNumber   = "LPTHE-07-03",
      SLACcitation   = "%%CITATION = ARXIV:0802.1189;%%",
}
@TECHREPORT{JEC,
      COLLABORATION = "CMS",
      TITLE       = "Jet Performance in pp Collisions at $\sqrt{s}$=7 {TeV}",
      AUTHOR      = "{CMS Collaboration}",
      URL         = "http://cdsweb.cern.ch/record/1279362",
      TYPE        = "CMS Physics Analysis Summary",
      NUMBER      = "CMS-PAS-JME-10-003",
      YEAR        = "2010"
}
@TECHREPORT{JME-10-010,
      COLLABORATION = "CMS",
      TITLE       = "Determination of the Jet Energy Scale in {CMS} with pp Collisions at $\sqrt{s}= 7$ {TeV}",
      AUTHOR      = "{CMS Collaboration}",
      URL         = "http://cdsweb.cern.ch/record/1308178",
      TYPE        = "CMS Physics Analysis Summary",
      NUMBER      = "CMS-PAS-JME-10-010",
      YEAR        = "2010"
}

@Article{MCFM1,
      author         = "Campbell, John M. and Ellis, R.K.",
      title          = "{MCFM for the Tevatron and the LHC}",
      journal        = "Nucl.Phys.Proc.Suppl.",
      volume         = "205-206",
      pages          = "10-15",
      doi            = "10.1016/j.nuclphysbps.2010.08.011",
      year           = "2010",
      eprint         = "1007.3492",
      archivePrefix  = "arXiv",
      primaryClass   = "hep-ph",
      reportNumber   = "FERMILAB-CONF-10-244-T",
      SLACcitation   = "%%CITATION = ARXIV:1007.3492;%%",
}
@Article{MCFM2,
      author         = "Campbell, John M. and Ellis, R. Keith",
      title          = "{An Update on vector boson pair production at hadron
                        colliders}",
      journal        = "Phys.Rev.",
      volume         = "D60",
      pages          = "113006",
      doi            = "10.1103/PhysRevD.60.113006",
      year           = "1999",
      eprint         = "hep-ph/9905386",
      archivePrefix  = "arXiv",
      primaryClass   = "hep-ph",
      reportNumber   = "FERMILAB-PUB-99-146-T",
      SLACcitation   = "%%CITATION = HEP-PH/9905386;%%",
}
@TECHREPORT{CMS-PAS-PFT-10-003,
      COLLABORATION = "CMS",
      TITLE       = "Commissioning of the particle-flow event reconstruction with leptons from {J}/$\Psi$ and {W} decays at 7 {TeV}",
      AUTHOR      = "{CMS Collaboration}",
      INSTITUTION = "CERN",
      URL         = "http://cdsweb.cern.ch/record/1279347",
      TYPE        = "CMS Physics Analysis Summary",
      NUMBER      = "CMS-PAS-PFT-10-003",
      YEAR        = "2010"
}
@TECHREPORT{LUMINOSITY,
      COLLABORATION = "CMS",
      TITLE       = "CMS Luminosity Based on Pixel Cluster Counting - Summer 2013 Update",
      AUTHOR      = "{CMS Collaboration}",
      URL         = "http://cdsweb.cern.ch/record/1598864",
      TYPE        = "CMS Physics Analysis Summary",
      NUMBER      = "CMS-PAS-LUM-13-001",
      YEAR        = "2013"
}
@Article{PDF,
      author         = "Whalley, M.R. and Bourilkov, D. and Group, R.C.",
      title          = "{The Les Houches accord PDFs (LHAPDF) and LHAGLUE}",
      year           = "2005",
      eprint         = "hep-ph/0508110",
      archivePrefix  = "arXiv",
      primaryClass   = "hep-ph",
      SLACcitation   = "%%CITATION = HEP-PH/0508110;%%",
}
@Article{SIGNIFICANCE,
      author         = "Bityukov, S.I. and Krasnikov, N.V.",
      title          = "{Uncertainties and discovery potential in planned
                        experiments}",
      pages          = "77-80",
      year           = "2002",
      eprint         = "hep-ph/0204326",
      archivePrefix  = "arXiv",
      primaryClass   = "hep-ph",
      SLACcitation   = "%%CITATION = HEP-PH/0204326;%%",
}
@Article{CLs,
      author         = "Cowan, Glen and Cranmer, Kyle and Gross, Eilam and Vitells, Ofer",
      title          = "{Asymptotic formulae for likelihood-based tests of new physics}",
      year           = "2011",
      journal        = "The European Physical Journal C",
      volume         = "71",
      pages          = "1-19",
      number         = "2",
      doi            = "10.1140/epjc/s10052-011-1554-0",
      eprint         = "1007.1727",
      archivePrefix  = "arXiv",
      primaryClass   = "physics.data-an",
}
@article{Pumplin:2002vw,
      author         = "Pumplin, J. and Stump, D.R. and Huston, J. and Lai, H.L.
                        and Nadolsky, Pavel M. and others",
      title          = "{New generation of parton distributions with
                        uncertainties from global QCD analysis}",
      journal        = "JHEP",
      volume         = "0207",
      pages          = "012",
      year           = "2002",
      eprint         = "hep-ph/0201195",
      archivePrefix  = "arXiv",
      primaryClass   = "hep-ph",
      reportNumber   = "MSU-HEP-011101",
      SLACcitation   = "%%CITATION = HEP-PH/0201195;%%",
}

@article{TgluonPaper,
    AUTHOR      = "{CMS Collaboration}",
    year={2014},
    journal={Journal of High Energy Physics},
    eid={125},
    volume={2014},
    number={6},
    doi={10.1007/JHEP06(2014)125},
    title={Search for pair production of excited top quarks in the lepton + jets final state},
    url={http://dx.doi.org/10.1007/JHEP06%282014%29125},
    publisher={Springer Berlin Heidelberg}
}
@Article{baur90,
     author         = "Baur, U. and Spira, M. and Zerwas, P.M.",
     title          = "{EXCITED QUARK AND LEPTON PRODUCTION AT HADRON COLLIDERS}",
     journal        = "Phys.Rev.",
     volume         = "D42",
     pages          = "815-824",
     doi            = "10.1103/PhysRevD.42.815",
     year           = "1990",
     reportNumber   = "MAD-PH-534, PITHA-89-26",
     SLACcitation   = "%%CITATION = PHRVA,D42,815;%%",
}
@Article{harris96,
     author         = "Harris, Robert M.",
     title          = "{Discovery mass reach for excited quarks at hadron colliders}",
     journal        = "eConf",
     volume         = "C960625",
     pages          = "NEW164",
     year           = "1996",
     eprint         = "hep-ph/9609319",
     archivePrefix  = "arXiv",
     primaryClass   = "hep-ph",
     reportNumber   = "FERMILAB-CONF-96-285-E, FERMILAB-VLHCPUB-30,
                       CDF-PUB-EXOTIC-PUBLIC-3874, C96-06-25,
                       SNOWMASS-1996-NEW164",
     SLACcitation   = "%%CITATION = HEP-PH/9609319;%%",
}


@Article{neutrino_species,
     author         = "Acciarri, M. and others",
     title          = "{Determination of the number of light neutrino species from single photon production at LEP}",
     collaboration  = "L3 Collaboration",
     journal        = "Phys.Lett.",
     volume         = "B431",
     pages          = "199-208",
     doi            = "10.1016/S0370-2693(98)00519-X",
     year           = "1998",
     reportNumber   = "CERN-EP-98-025, CERN-EP-98-25",
     SLACcitation   = "%%CITATION = PHLTA,B431,199;%%",
}

@Article{NLO--tprime,
      author         = "Berger, Edmond L. and Cao, Qing-Hong",
      title          = "{Next-to-Leading Order Cross Sections for New Heavy
                        Fermion Production at Hadron Colliders}",
      journal        = "Phys.Rev.",
      volume         = "D81",
      pages          = "035006",
      doi            = "10.1103/PhysRevD.81.035006",
      year           = "2010",
      eprint         = "0909.3555",
      archivePrefix  = "arXiv",
      primaryClass   = "hep-ph",
      reportNumber   = "ANL-HEP-PR-09-93, EFI-09-24",
      SLACcitation   = "%%CITATION = ARXIV:0909.3555;%%",
}

@TECHREPORT{JEC,
      COLLABORATION = "CMS",
      TITLE       = "Jet Performance in pp Collisions at $\sqrt{s}$=7 {TeV}",
      AUTHOR      = "{CMS Collaboration}",
      URL         = "http://cdsweb.cern.ch/record/1279362",
      TYPE        = "CMS Physics Analysis Summary",
      NUMBER      = "CMS-PAS-JME-10-003",
      YEAR        = "2010"
}
@TECHREPORT{JME-10-010,
      COLLABORATION = "CMS",
      TITLE       = "Determination of the Jet Energy Scale in {CMS} with pp Collisions at $\sqrt{s}= 7$ {TeV}",
      AUTHOR      = "{CMS Collaboration}",
      URL         = "http://cdsweb.cern.ch/record/1308178",
      TYPE        = "CMS Physics Analysis Summary",
      NUMBER      = "CMS-PAS-JME-10-010",
      YEAR        = "2010"
}

@Article{PDF,
      author         = "Whalley, M.R. and Bourilkov, D. and Group, R.C.",
      title          = "{The Les Houches accord PDFs (LHAPDF) and LHAGLUE}",
      year           = "2005",
      eprint         = "hep-ph/0508110",
      archivePrefix  = "arXiv",
      primaryClass   = "hep-ph",
      SLACcitation   = "%%CITATION = HEP-PH/0508110;%%",
}
@Article{SIGNIFICANCE,
      author         = "Bityukov, S.I. and Krasnikov, N.V.",
      title          = "{Uncertainties and discovery potential in planned
                        experiments}",
      pages          = "77-80",
      year           = "2002",
      eprint         = "hep-ph/0204326",
      archivePrefix  = "arXiv",
      primaryClass   = "hep-ph",
      SLACcitation   = "%%CITATION = HEP-PH/0204326;%%",
}
}
@MISC{THETAlimit,
     HOWPUBLISHED = "{\url{http://www-ekp.physik.uni-karlsruhe.de/~ott/theta/testing/html/index.html}}"
}

@Article{TheCMSDetector,
      author         = "{The CMS Collaboration}",
      title          = "The CMS experiment at the CERN LHC",
      year           = "2008",
      journal        = "J.Instrum.",
      volume         = "3",
      pages          = "S08004",
      HOWPUBLISHED = "{\url{http://dx.doi.org/10.1088/1748-0221/3/08/S08004}}"

}

}
@TECHREPORT{HitFit,
      AUTHOR      = "H. Sumowidagdo",
      TITLE       = "Programming documentation of HitFit: A Kinematic Fitter for top quark-antiquark pair lepton+jets events",
      TYPE        = "CMS Note",
      NUMBER      = "2011/171",
      YEAR        = "2011"
}

@techreport{CMS-PAS-EXO-14-010,
  author      = "{CMS Collaboration}",
  collaboration = {CMS},
  type        = "CMS Physics Analysis Summary",
  number =        {CMS-PAS-EXO-14-010},
  title =         {{Search for massive WH resonances decaying to $\ell
                   \nu {\rm b \bar{b}}$ final state in the boosted
                   regime at $\sqrt{s}=8$\,TeV}},
  year =          {2015},
  url =           {http://cds.cern.ch/record/2002903},
}

@techreport{CMS-PAS-GEN-14-001,
  author      = "{CMS Collaboration}",
  collaboration = {CMS},
  type        = "CMS Physics Analysis Summary",
  number =        {CMS-PAS-GEN-14-001},
  title =         {{Underlying Event Tunes and Double Parton
                   Scattering}},
  year =          {2014},
  url =           {http://cds.cern.ch/record/1697700},
}

@techreport{CMS-PAS-TRK-10-005,
  author      = "{CMS Collaboration}",
  collaboration = {CMS},
  INSTITUTION = "CERN",
  type        = "CMS Physics Analysis Summary",
  number =        {CMS-PAS-TRK-10-005},
  title =         {{Tracking and Primary Vertex Results in First 7 TeV
                   Collisions}},
  year =          {2010},
  url =           {http://cds.cern.ch/record/1279383},
}

@techreport{CMS-PAS-PFT-09-001,
  author      = "{CMS Collaboration}",
  collaboration = {CMS},
  type        = "CMS Physics Analysis Summary",
  number =        {CMS-PAS-PFT-09-001},
  title =         {{Particle-Flow Event Reconstruction in CMS and
                   Performance for Jets, Taus, and MET}},
  year =          {2009},
  url =           {http://cds.cern.ch/record/1194487},
}

@techreport{CMS-PAS-PFT-10-001,
  author      = "{CMS Collaboration}",
  collaboration = {CMS},
  type        = "CMS Physics Analysis Summary",
  number =        {CMS-PAS-PFT-10-001},
  title =         {{Commissioning of the Particle-flow Event
                   Reconstruction with the first LHC collisions recorded
                   in the CMS detector}},
  year =          {2010},
  url =           {http://cds.cern.ch/record/1247373},
}

@techreport{CMS-PAS-BTV-13-001,
  author      = "{CMS Collaboration}",
  collaboration = {CMS},
  INSTITUTION = "CERN",
  type        = "CMS Physics Analysis Summary",
  number =        {CMS-PAS-BTV-13-001},
  title =         {{Performance of b tagging at sqrt(s)=8 TeV in
                   multijet, ttbar and boosted topology events}},
  year =          {2013},
  url =           {http://cds.cern.ch/record/1581306},
}

@techreport{CMS-PAS-JME-12-002,
  author      = "{CMS Collaboration}",
  collaboration = {CMS},
  type        = "CMS Physics Analysis Summary",
  number =        {CMS-PAS-JME-12-002},
  title =         {{Performance of Missing Transverse Momentum
                   Reconstruction Algorithms in Proton-Proton Collisions
                   at $\sqrt{s} = 8$~TeV with the CMS Detector}},
  year =          {2013},
  url =           {http://cds.cern.ch/record/1543527},
}

@techreport{CMS-PAS-EXO-15-001,
  author      = "{CMS Collaboration}",
  collaboration = {CMS},
  type        = "CMS Physics Analysis Summary",
  number =        {CMS-PAS-EXO-15-001},
  title =         {{Search for Narrow Resonances using the Dijet Mass
                   Spectrum with 42 pb$^{-1}$ of pp Collisions at
                   $\sqrt{s}=13$ TeV}},
  year =          {2015},
  url =           {https://cds.cern.ch/record/2048099},
}

@article{Randall:1999ee,
      author         = "Randall, Lisa and Sundrum, Raman",
      title          = "{A Large mass hierarchy from a small extra dimension}",
      journal        = "Phys. Rev. Lett.",
      volume         = "83",
      year           = "1999",
      pages          = "3370-3373",
      doi            = "10.1103/PhysRevLett.83.3370",
      eprint         = "hep-ph/9905221",
      archivePrefix  = "arXiv",
      primaryClass   = "hep-ph",
      reportNumber   = "MIT-CTP-2860, PUPT-1860, BUHEP-99-9",
      SLACcitation   = "%%CITATION = HEP-PH/9905221;%%"
}

@article{Randall:1999vf,
      author         = "Randall, Lisa and Sundrum, Raman",
      title          = "{An Alternative to compactification}",
      journal        = "Phys. Rev. Lett.",
      volume         = "83",
      year           = "1999",
      pages          = "4690-4693",
      doi            = "10.1103/PhysRevLett.83.4690",
      eprint         = "hep-th/9906064",
      archivePrefix  = "arXiv",
      primaryClass   = "hep-th",
      reportNumber   = "MIT-CTP-2874, PUPT-1867, BUHEP-99-13",
      SLACcitation   = "%%CITATION = HEP-TH/9906064;%%"
}

@article{Agashe:2007zd,
      author         = "Agashe, Kaustubh and Davoudiasl, Hooman and Perez, Gilad
                        and Soni, Amarjit",
      title          = "{Warped Gravitons at the LHC and Beyond}",
      journal        = "Phys. Rev.",
      volume         = "D76",
      year           = "2007",
      pages          = "036006",
      doi            = "10.1103/PhysRevD.76.036006",
      eprint         = "hep-ph/0701186",
      archivePrefix  = "arXiv",
      primaryClass   = "hep-ph",
      reportNumber   = "SU-4252-843, BNL-HET-07-3, YITP-SB-07-02",
      SLACcitation   = "%%CITATION = HEP-PH/0701186;%%"
}

@article{Fitzpatrick:2007qr,
      author         = "Fitzpatrick, A. Liam and Kaplan, Jared and Randall, Lisa
                        and Wang, Lian-Tao",
      title          = "{Searching for the Kaluza-Klein Graviton in Bulk RS
                        Models}",
      journal        = "JHEP",
      volume         = "09",
      year           = "2007",
      pages          = "013",
      doi            = "10.1088/1126-6708/2007/09/013",
      eprint         = "hep-ph/0701150",
      archivePrefix  = "arXiv",
      primaryClass   = "hep-ph",
      SLACcitation   = "%%CITATION = HEP-PH/0701150;%%"
}

@article{Antipin:2007pi,
      author         = "Antipin, Oleg and Atwood, David and Soni, Amarjit",
      title          = "{Search for RS gravitons via W(L)W(L) decays}",
      journal        = "Phys. Lett.",
      volume         = "B666",
      year           = "2008",
      pages          = "155-161",
      doi            = "10.1016/j.physletb.2008.07.009",
      eprint         = "0711.3175",
      archivePrefix  = "arXiv",
      primaryClass   = "hep-ph",
      reportNumber   = "BNL-HET-07-20",
      SLACcitation   = "%%CITATION = ARXIV:0711.3175;%%"
}

@article{Pappadopulo:2014qza,
      author         = "Pappadopulo, Duccio and Thamm, Andrea and Torre, Riccardo
                        and Wulzer, Andrea",
      title          = "{Heavy Vector Triplets: Bridging Theory and Data}",
      journal        = "JHEP",
      volume         = "09",
      year           = "2014",
      pages          = "060",
      doi            = "10.1007/JHEP09(2014)060",
      eprint         = "1402.4431",
      archivePrefix  = "arXiv",
      primaryClass   = "hep-ph",
      SLACcitation   = "%%CITATION = ARXIV:1402.4431;%%"
}

%%% contains utf-8, see: http://inspirehep.net/info/faq/general#utf8
%%% add \usepackage[utf8]{inputenc} to your latex preamble

@article{Aad:2015ufa,
      author         = "Aad, Georges and others",
      title          = "{Search for production of $WW/WZ$ resonances decaying to
                        a lepton, neutrino and jets in $pp$ collisions at
                        $\sqrt{s}=8$  TeV with the ATLAS detector}",
      collaboration  = "ATLAS",
      journal        = "Eur. Phys. J.",
      volume         = "C75",
      year           = "2015",
      number         = "5",
      pages          = "209",
      doi            = "10.1140/epjc/s10052-015-3593-4,
                        10.1140/epjc/s10052-015-3425-6",
      note           = "[Erratum: Eur. Phys. J.C75,370(2015)]",
      eprint         = "1503.04677",
      archivePrefix  = "arXiv",
      primaryClass   = "hep-ex",
      reportNumber   = "CERN-PH-EP-2015-044",
      SLACcitation   = "%%CITATION = ARXIV:1503.04677;%%"
}


@article{Khachatryan:2014gha,
      author         = "Khachatryan, Vardan and others",
      title          = "{Search for massive resonances decaying into pairs of
                        boosted bosons in semi-leptonic final states at $\sqrt{s}
                        =$ 8 TeV}",
      collaboration  = "CMS",
      journal        = "JHEP",
      volume         = "08",
      year           = "2014",
      pages          = "174",
      doi            = "10.1007/JHEP08(2014)174",
      eprint         = "1405.3447",
      archivePrefix  = "arXiv",
      primaryClass   = "hep-ex",
      reportNumber   = "CMS-EXO-13-009, CERN-PH-EP-2014-076",
      SLACcitation   = "%%CITATION = ARXIV:1405.3447;%%"
}                   $\sqrt{s}=$ 8 TeV}},

@article{Khachatryan:2014hpa,
      author         = "Khachatryan, Vardan and others",
      title          = "{Search for massive resonances in dijet systems
                        containing jets tagged as W or Z boson decays in pp
                        collisions at $ \sqrt{s} $ = 8 TeV}",
      collaboration  = "CMS",
      journal        = "JHEP",
      volume         = "08",
      year           = "2014",
      pages          = "173",
      doi            = "10.1007/JHEP08(2014)173",
      eprint         = "1405.1994",
      archivePrefix  = "arXiv",
      primaryClass   = "hep-ex",
      reportNumber   = "CMS-EXO-12-024, CERN-PH-EP-2014-071",
      SLACcitation   = "%%CITATION = ARXIV:1405.1994;%%"
}

@article{Chatrchyan:2008aa,
      author         = "Chatrchyan, S. and others",
      title          = "{The CMS experiment at the CERN LHC}",
      collaboration  = "CMS",
      journal        = "JINST",
      volume         = "3",
      year           = "2008",
      pages          = "S08004",
      doi            = "10.1088/1748-0221/3/08/S08004",
      SLACcitation   = "%%CITATION = JINST,3,S08004;%%"
}

@article{Alwall:2014hca,
      author         = "Alwall, J. and Frederix, R. and Frixione, S. and Hirschi,
                        V. and Maltoni, F. and Mattelaer, O. and Shao, H. -S. and
                        Stelzer, T. and Torrielli, P. and Zaro, M.",
      title          = "{The automated computation of tree-level and
                        next-to-leading order differential cross sections, and
                        their matching to parton shower simulations}",
      journal        = "JHEP",
      volume         = "07",
      year           = "2014",
      pages          = "079",
      doi            = "10.1007/JHEP07(2014)079",
      eprint         = "1405.0301",
      archivePrefix  = "arXiv",
      primaryClass   = "hep-ph",
      reportNumber   = "CERN-PH-TH-2014-064, CP3-14-18, LPN14-066, MCNET-14-09,
                        ZU-TH-14-14",
      SLACcitation   = "%%CITATION = ARXIV:1405.0301;%%"
}

@article{Nason:2004rx,
      author         = "Nason, Paolo",
      title          = "{A New method for combining NLO QCD with shower Monte
                        Carlo algorithms}",
      journal        = "JHEP",
      volume         = "11",
      year           = "2004",
      pages          = "040",
      doi            = "10.1088/1126-6708/2004/11/040",
      eprint         = "hep-ph/0409146",
      archivePrefix  = "arXiv",
      primaryClass   = "hep-ph",
      reportNumber   = "BICOCCA-FT-04-11",
      SLACcitation   = "%%CITATION = HEP-PH/0409146;%%"
}

@article{Frixione:2007vw,
      author         = "Frixione, Stefano and Nason, Paolo and Oleari, Carlo",
      title          = "{Matching NLO QCD computations with Parton Shower
                        simulations: the POWHEG method}",
      journal        = "JHEP",
      volume         = "11",
      year           = "2007",
      pages          = "070",
      doi            = "10.1088/1126-6708/2007/11/070",
      eprint         = "0709.2092",
      archivePrefix  = "arXiv",
      primaryClass   = "hep-ph",
      reportNumber   = "BICOCCA-FT-07-9, GEF-TH-21-2007",
      SLACcitation   = "%%CITATION = ARXIV:0709.2092;%%"
}

@article{Alioli:2010xd,
      author         = "Alioli, Simone and Nason, Paolo and Oleari, Carlo and Re,
                        Emanuele",
      title          = "{A general framework for implementing NLO calculations in
                        shower Monte Carlo programs: the POWHEG BOX}",
      journal        = "JHEP",
      volume         = "06",
      year           = "2010",
      pages          = "043",
      doi            = "10.1007/JHEP06(2010)043",
      eprint         = "1002.2581",
      archivePrefix  = "arXiv",
      primaryClass   = "hep-ph",
      reportNumber   = "DESY-10-018, SFB-CPP-10-22, IPPP-10-11, DCPT-10-22",
      SLACcitation   = "%%CITATION = ARXIV:1002.2581;%%"
}

@article{Alioli:2009je,
      author         = "Alioli, Simone and Nason, Paolo and Oleari, Carlo and Re,
                        Emanuele",
      title          = "{NLO single-top production matched with shower in POWHEG:
                        s- and t-channel contributions}",
      journal        = "JHEP",
      volume         = "09",
      year           = "2009",
      pages          = "111",
      doi            = "10.1007/JHEP02(2010)011, 10.1088/1126-6708/2009/09/111",
      note           = "[Erratum: JHEP02,011(2010)]",
      eprint         = "0907.4076",
      archivePrefix  = "arXiv",
      primaryClass   = "hep-ph",
      SLACcitation   = "%%CITATION = ARXIV:0907.4076;%%"
}

@article{Re:2010bp,
      author         = "Re, Emanuele",
      title          = "{Single-top Wt-channel production matched with parton
                        showers using the POWHEG method}",
      journal        = "Eur. Phys. J.",
      volume         = "C71",
      year           = "2011",
      pages          = "1547",
      doi            = "10.1140/epjc/s10052-011-1547-z",
      eprint         = "1009.2450",
      archivePrefix  = "arXiv",
      primaryClass   = "hep-ph",
      reportNumber   = "IPPP-10-74, DCPT-10-148",
      SLACcitation   = "%%CITATION = ARXIV:1009.2450;%%"
}

@article{Alioli:2011as,
      author         = "Alioli, Simone and Moch, Sven-Olaf and Uwer, Peter",
      title          = "{Hadronic top-quark pair-production with one jet and
                        parton showering}",
      journal        = "JHEP",
      volume         = "01",
      year           = "2012",
      pages          = "137",
      doi            = "10.1007/JHEP01(2012)137",
      eprint         = "1110.5251",
      archivePrefix  = "arXiv",
      primaryClass   = "hep-ph",
      reportNumber   = "DESY-11-122, HU-EP-11-36, LPN-11-39, SFB-CPP-11-41",
      SLACcitation   = "%%CITATION = ARXIV:1110.5251;%%"
}

@article{Sjostrand:2006za,
      author         = "Sjostrand, Torbjorn and Mrenna, Stephen and Skands, Peter
                        Z.",
      title          = "{PYTHIA 6.4 Physics and Manual}",
      journal        = "JHEP",
      volume         = "05",
      year           = "2006",
      pages          = "026",
      doi            = "10.1088/1126-6708/2006/05/026",
      eprint         = "hep-ph/0603175",
      archivePrefix  = "arXiv",
      primaryClass   = "hep-ph",
      reportNumber   = "FERMILAB-PUB-06-052-CD-T, LU-TP-06-13",
      SLACcitation   = "%%CITATION = HEP-PH/0603175;%%"
}

@article{Sjostrand:2007gs,
      author         = "Sjostrand, Torbjorn and Mrenna, Stephen and Skands, Peter
                        Z.",
      title          = "{A Brief Introduction to PYTHIA 8.1}",
      journal        = "Comput. Phys. Commun.",
      volume         = "178",
      year           = "2008",
      pages          = "852-867",
      doi            = "10.1016/j.cpc.2008.01.036",
      eprint         = "0710.3820",
      archivePrefix  = "arXiv",
      primaryClass   = "hep-ph",
      reportNumber   = "CERN-LCGAPP-2007-04, LU-TP-07-28,
                        FERMILAB-PUB-07-512-CD-T",
      SLACcitation   = "%%CITATION = ARXIV:0710.3820;%%"
}

@article{Skands:2014pea,
      author         = "Skands, Peter and Carrazza, Stefano and Rojo, Juan",
      title          = "{Tuning PYTHIA 8.1: the Monash 2013 Tune}",
      journal        = "Eur. Phys. J.",
      volume         = "C74",
      year           = "2014",
      number         = "8",
      pages          = "3024",
      doi            = "10.1140/epjc/s10052-014-3024-y",
      eprint         = "1404.5630",
      archivePrefix  = "arXiv",
      primaryClass   = "hep-ph",
      reportNumber   = "CERN-PH-TH-2014-069, MCNET-14-08, OUTP-14-05P",
      SLACcitation   = "%%CITATION = ARXIV:1404.5630;%%"
}


@article{Ball:2011mu,
      author         = "Ball, Richard D. and Bertone, Valerio and Cerutti,
                        Francesco and Del Debbio, Luigi and Forte, Stefano and
                        Guffanti, Alberto and Latorre, Jose I. and Rojo, Juan and
                        Ubiali, Maria",
      title          = "{Impact of Heavy Quark Masses on Parton Distributions and
                        LHC Phenomenology}",
      journal        = "Nucl. Phys.",
      volume         = "B849",
      year           = "2011",
      pages          = "296-363",
      doi            = "10.1016/j.nuclphysb.2011.03.021",
      eprint         = "1101.1300",
      archivePrefix  = "arXiv",
      primaryClass   = "hep-ph",
      reportNumber   = "EDINBURGH-2011-01, IFUM-969-FT, FR-PHENO-2010-043,
                        RWTH-TTK-11-02",
      SLACcitation   = "%%CITATION = ARXIV:1101.1300;%%"
}

@article{Agostinelli:2002hh,
      author         = "Agostinelli, S. and others",
      title          = "{GEANT4: A Simulation toolkit}",
      collaboration  = "GEANT4",
      journal        = "Nucl. Instrum. Meth.",
      volume         = "A506",
      year           = "2003",
      pages          = "250-303",
      doi            = "10.1016/S0168-9002(03)01368-8",
      reportNumber   = "SLAC-PUB-9350, FERMILAB-PUB-03-339",
      SLACcitation   = "%%CITATION = NUIMA,A506,250;%%"
}

@article{MCFM:VJets,
      author         = "Campbell, John M. and Ellis, R. Keith and Rainwater,
                        David L.",
      title          = "{Next-to-leading order QCD predictions for $W$ + 2 jet
                        and $Z$ + 2 jet production at the CERN LHC}",
      journal        = "Phys. Rev.",
      volume         = "D68",
      year           = "2003",
      pages          = "094021",
      doi            = "10.1103/PhysRevD.68.094021",
      eprint         = "hep-ph/0308195",
      archivePrefix  = "arXiv",
      primaryClass   = "hep-ph",
      reportNumber   = "ANL-HEP-PR-03-063, FERMILAB-PUB-03-234-T, DESY-03-036",
      SLACcitation   = "%%CITATION = HEP-PH/0308195;%%"
}

@article{MCFM:VV,
      author         = "Campbell, John M. and Ellis, R. Keith and Williams,
                        Ciaran",
      title          = "{Vector boson pair production at the LHC}",
      journal        = "JHEP",
      volume         = "07",
      year           = "2011",
      pages          = "018",
      doi            = "10.1007/JHEP07(2011)018",
      eprint         = "1105.0020",
      archivePrefix  = "arXiv",
      primaryClass   = "hep-ph",
      reportNumber   = "FERMILAB-PUB-11-182-T",
      SLACcitation   = "%%CITATION = ARXIV:1105.0020;%%"
}

@article{Campbell:2012uf,
      author         = "Campbell, John M. and Ellis, R. Keith",
      title          = "{Top-quark processes at NLO in production and decay}",
      journal        = "J. Phys.",
      volume         = "G42",
      year           = "2015",
      number         = "1",
      pages          = "015005",
      doi            = "10.1088/0954-3899/42/1/015005",
      eprint         = "1204.1513",
      archivePrefix  = "arXiv",
      primaryClass   = "hep-ph",
      reportNumber   = "FERMILAB-PUB-12-078-T",
      SLACcitation   = "%%CITATION = ARXIV:1204.1513;%%"
}

@article{MCFM:SingleTop,
      author         = "Campbell, John M. and Ellis, R. Keith and Tramontano,
                        Francesco",
      title          = "{Single top production and decay at next-to-leading
                        order}",
      journal        = "Phys. Rev.",
      volume         = "D70",
      year           = "2004",
      pages          = "094012",
      doi            = "10.1103/PhysRevD.70.094012",
      eprint         = "hep-ph/0408158",
      archivePrefix  = "arXiv",
      primaryClass   = "hep-ph",
      reportNumber   = "ANL-HEP-PR-04-70, FERMILAB-PUB-04-134-T, DSF-22-2004",
      SLACcitation   = "%%CITATION = HEP-PH/0408158;%%"
}

@article{FEWZ3,
      author         = "Li, Ye and Petriello, Frank",
      title          = "{Combining QCD and electroweak corrections to dilepton
                        production in FEWZ}",
      journal        = "Phys. Rev.",
      volume         = "D86",
      year           = "2012",
      pages          = "094034",
      doi            = "10.1103/PhysRevD.86.094034",
      eprint         = "1208.5967",
      archivePrefix  = "arXiv",
      primaryClass   = "hep-ph",
      reportNumber   = "ANL-HEP-PR-12-68",
      SLACcitation   = "%%CITATION = ARXIV:1208.5967;%%"
}
 

@article{Cacciari:2011ma,
      author         = "Cacciari, Matteo and Salam, Gavin P. and Soyez, Gregory",
      title          = "{FastJet User Manual}",
      journal        = "Eur. Phys. J.",
      volume         = "C72",
      year           = "2012",
      pages          = "1896",
      doi            = "10.1140/epjc/s10052-012-1896-2",
      eprint         = "1111.6097",
      archivePrefix  = "arXiv",
      primaryClass   = "hep-ph",
      reportNumber   = "CERN-PH-TH-2011-297",
      SLACcitation   = "%%CITATION = ARXIV:1111.6097;%%"
}

@inproceedings{Wobisch:1998wt,
      author         = "Wobisch, M. and Wengler, T.",
      title          = "{Hadronization corrections to jet cross-sections in deep
                        inelastic scattering}",
      booktitle      = "{Monte Carlo generators for HERA physics. Proceedings,
                        Workshop, Hamburg, Germany, 1998-1999}",
      url            = "http://inspirehep.net/record/484872/files/arXiv:hep-ph_9907280.pdf",
      year           = "1998",
      eprint         = "hep-ph/9907280",
      archivePrefix  = "arXiv",
      primaryClass   = "hep-ph",
      reportNumber   = "PITHA-99-16",
      SLACcitation   = "%%CITATION = HEP-PH/9907280;%%"
}



@article{CMS:JetCalibration,
      author         = "Chatrchyan, Serguei and others",
      title          = "{Determination of Jet Energy Calibration and Transverse
                        Momentum Resolution in CMS}",
      collaboration  = "CMS",
      journal        = "JINST",
      volume         = "6",
      year           = "2011",
      pages          = "P11002",
      doi            = "10.1088/1748-0221/6/11/P11002",
      eprint         = "1107.4277",
      archivePrefix  = "arXiv",
      primaryClass   = "physics.ins-det",
      reportNumber   = "CERN-PH-EP-2011-102, CMS-JME-10-011",
      SLACcitation   = "%%CITATION = ARXIV:1107.4277;%%"
}

@article{Chatrchyan:2013vbb,
      author         = "Chatrchyan, Serguei and others",
      title          = "{Studies of jet mass in dijet and W/Z + jet events}",
      collaboration  = "CMS",
      journal        = "JHEP",
      volume         = "05",
      year           = "2013",
      pages          = "090",
      doi            = "10.1007/JHEP05(2013)090",
      eprint         = "1303.4811",
      archivePrefix  = "arXiv",
      primaryClass   = "hep-ex",
      reportNumber   = "CMS-SMP-12-019, CERN-PH-EP-2013-016",
      SLACcitation   = "%%CITATION = ARXIV:1303.4811;%%"
}

@article{jetpruning1,
      author         = "Ellis, Stephen D. and Vermilion, Christopher K. and
                        Walsh, Jonathan R.",
      title          = "{Techniques for improved heavy particle searches with jet
                        substructure}",
      journal        = "Phys. Rev.",
      volume         = "D80",
      year           = "2009",
      pages          = "051501",
      doi            = "10.1103/PhysRevD.80.051501",
      eprint         = "0903.5081",
      archivePrefix  = "arXiv",
      primaryClass   = "hep-ph",
      SLACcitation   = "%%CITATION = ARXIV:0903.5081;%%"
}

@article{Ellis:2009me,
      author         = "Ellis, Stephen D. and Vermilion, Christopher K. and
                        Walsh, Jonathan R.",
      title          = "{Recombination Algorithms and Jet Substructure: Pruning
                        as a Tool for Heavy Particle Searches}",
      journal        = "Phys. Rev.",
      volume         = "D81",
      year           = "2010",
      pages          = "094023",
      doi            = "10.1103/PhysRevD.81.094023",
      eprint         = "0912.0033",
      archivePrefix  = "arXiv",
      primaryClass   = "hep-ph",
      SLACcitation   = "%%CITATION = ARXIV:0912.0033;%%"
}

@article{Krohn:2009th,
      author         = "Krohn, David and Thaler, Jesse and Wang, Lian-Tao",
      title          = "{Jet Trimming}",
      journal        = "JHEP",
      volume         = "02",
      year           = "2010",
      pages          = "084",
      doi            = "10.1007/JHEP02(2010)084",
      eprint         = "0912.1342",
      archivePrefix  = "arXiv",
      primaryClass   = "hep-ph",
      SLACcitation   = "%%CITATION = ARXIV:0912.1342;%%"
}

@article{Catani:1993hr,
      author         = "Catani, S. and Dokshitzer, Yuri L. and Seymour, M. H. and
                        Webber, B. R.",
      title          = "{Longitudinally invariant $K_t$ clustering algorithms for
                        hadron hadron collisions}",
      journal        = "Nucl. Phys.",
      volume         = "B406",
      year           = "1993",
      pages          = "187-224",
      doi            = "10.1016/0550-3213(93)90166-M",
      reportNumber   = "CERN-TH-6775-93, LU-TP-93-2",
      SLACcitation   = "%%CITATION = NUPHA,B406,187;%%"
}

@article{Thaler:2010tr,
      author         = "Thaler, Jesse and Van Tilburg, Ken",
      title          = "{Identifying Boosted Objects with N-subjettiness}",
      journal        = "JHEP",
      volume         = "03",
      year           = "2011",
      pages          = "015",
      doi            = "10.1007/JHEP03(2011)015",
      eprint         = "1011.2268",
      archivePrefix  = "arXiv",
      primaryClass   = "hep-ph",
      reportNumber   = "MIT-CTP-4191",
      SLACcitation   = "%%CITATION = ARXIV:1011.2268;%%"
}

@article{Ellis:1993tq,
      author         = "Ellis, Stephen D. and Soper, Davison E.",
      title          = "{Successive combination jet algorithm for hadron
                        collisions}",
      journal        = "Phys. Rev.",
      volume         = "D48",
      year           = "1993",
      pages          = "3160-3166",
      doi            = "10.1103/PhysRevD.48.3160",
      eprint         = "hep-ph/9305266",
      archivePrefix  = "arXiv",
      primaryClass   = "hep-ph",
      reportNumber   = "CERN-TH-6860-93",
      SLACcitation   = "%%CITATION = HEP-PH/9305266;%%"
}

@article{Chatrchyan:2012xi,
      author         = "Chatrchyan, Serguei and others",
      title          = "{Performance of CMS muon reconstruction in $pp$ collision
                        events at $\sqrt{s}=7$ TeV}",
      collaboration  = "CMS",
      journal        = "JINST",
      volume         = "7",
      year           = "2012",
      pages          = "P10002",
      doi            = "10.1088/1748-0221/7/10/P10002",
      eprint         = "1206.4071",
      archivePrefix  = "arXiv",
      primaryClass   = "physics.ins-det",
      reportNumber   = "CMS-MUO-10-004, CERN-PH-EP-2012-173",
      SLACcitation   = "%%CITATION = ARXIV:1206.4071;%%"
}

@article{CMS:FirstInclZ,
      author         = "Khachatryan, Vardan and others",
      title          = "{Measurements of Inclusive $W$ and $Z$ Cross Sections in
                        $pp$ Collisions at $\sqrt{s}=7$ TeV}",
      collaboration  = "CMS",
      journal        = "JHEP",
      volume         = "01",
      year           = "2011",
      pages          = "080",
      doi            = "10.1007/JHEP01(2011)080",
      eprint         = "1012.2466",
      archivePrefix  = "arXiv",
      primaryClass   = "hep-ex",
      reportNumber   = "CERN-PH-EP-2010-050, CMS-EWK-10-002",
      SLACcitation   = "%%CITATION = ARXIV:1012.2466;%%"
}

@article{Chatrchyan:2013dga,
      author         = "Chatrchyan, Serguei and others",
      title          = "{Energy Calibration and Resolution of the CMS
                        Electromagnetic Calorimeter in $pp$ Collisions at
                        $\sqrt{s} = 7$ TeV}",
      collaboration  = "CMS",
      journal        = "JINST",
      volume         = "8",
      year           = "2013",
      pages          = "P09009",
      doi            = "10.1088/1748-0221/8/09/P09009",
      eprint         = "1306.2016",
      archivePrefix  = "arXiv",
      primaryClass   = "hep-ex",
      reportNumber   = "CMS-EGM-11-001, CERN-PH-EP-2013-097",
      SLACcitation   = "%%CITATION = ARXIV:1306.2016;%%"
}

@article{Chatrchyan:2012meb,
      author         = "Chatrchyan, Serguei and others",
      title          = "{Search for leptonic decays of $W$ ' bosons in $pp$
                        collisions at $\sqrt{s}=7$ TeV}",
      collaboration  = "CMS",
      journal        = "JHEP",
      volume         = "08",
      year           = "2012",
      pages          = "023",
      doi            = "10.1007/JHEP08(2012)023",
      eprint         = "1204.4764",
      archivePrefix  = "arXiv",
      primaryClass   = "hep-ex",
      reportNumber   = "CMS-EXO-11-024, CERN-PH-EP-2012-103",
      SLACcitation   = "%%CITATION = ARXIV:1204.4764;%%"
}

@article{CMS:METperformances,
      author         = "Chatrchyan, Serguei and others",
      title          = "{Missing transverse energy performance of the CMS
                        detector}",
      collaboration  = "CMS",
      journal        = "JINST",
      volume         = "6",
      year           = "2011",
      pages          = "P09001",
      doi            = "10.1088/1748-0221/6/09/P09001",
      eprint         = "1106.5048",
      archivePrefix  = "arXiv",
      primaryClass   = "physics.ins-det",
      reportNumber   = "CERN-PH-EP-2011-051, CMS-JME-10-009",
      SLACcitation   = "%%CITATION = ARXIV:1106.5048;%%"
}

@article{Beringer:1900zz,
      author         = "Beringer, J. and others",
      title          = "{Review of Particle Physics (RPP)}",
      collaboration  = "Particle Data Group",
      journal        = "Phys. Rev.",
      volume         = "D86",
      year           = "2012",
      pages          = "010001",
      doi            = "10.1103/PhysRevD.86.010001",
      reportNumber   = "SLAC-REPRINT-2014-001",
      SLACcitation   = "%%CITATION = PHRVA,D86,010001;%%"
}

@article{Khachatryan:2014vla,
      author         = "Khachatryan, Vardan and others",
      title          = "{Identification techniques for highly boosted W bosons
                        that decay into hadrons}",
      collaboration  = "CMS",
      journal        = "JHEP",
      volume         = "12",
      year           = "2014",
      pages          = "017",
      doi            = "10.1007/JHEP12(2014)017",
      eprint         = "1410.4227",
      archivePrefix  = "arXiv",
      primaryClass   = "hep-ex",
      reportNumber   = "CMS-JME-13-006, CERN-PH-EP-2014-241",
      SLACcitation   = "%%CITATION = ARXIV:1410.4227;%%"
}

@phdthesis{CrystalBallRef,
  author =        {Oreglia, Mark Joseph},
  note =          {{{SLAC} Report {SLAC-R-236}}},
  school =        {Stanford University},
  title =         {{A study of the reactions $\psi^\prime \to \gamma
                   \gamma \psi$}},
  year =          {1980},
  url =           {http://www.slac.stanford.edu/pubs/slacreports/
                  slac-r-236.html},
}

@article{CLS1,
      author         = "Read, Alexander L.",
      title          = "{Presentation of search results: The CL(s) technique}",
      booktitle      = "{Advanced statistical techniques in particle physics.
                        Proceedings, Conference, Durham, UK, March 18-22, 2002}",
      journal        = "J. Phys.",
      volume         = "G28",
      year           = "2002",
      pages          = "2693-2704",
      doi            = "10.1088/0954-3899/28/10/313",
      SLACcitation   = "%%CITATION = JPAGA,G28,2693;%%"
}

@article{Junk:1999kv,
      author         = "Junk, Thomas",
      title          = "{Confidence level computation for combining searches with
                        small statistics}",
      journal        = "Nucl. Instrum. Meth.",
      volume         = "A434",
      year           = "1999",
      pages          = "435-443",
      doi            = "10.1016/S0168-9002(99)00498-2",
      eprint         = "hep-ex/9902006",
      archivePrefix  = "arXiv",
      primaryClass   = "hep-ex",
      reportNumber   = "CARLETON-OPAL-PHYS-99-01, CERN-EP-99-041",
      SLACcitation   = "%%CITATION = HEP-EX/9902006;%%"
}



@article{bib:Aad20121,
  author = "G. Aad and others",
  collaboration = "ATLAS",
  title = "{Observation of a new particle in the search for the Standard Model Higgs boson with the {ATLAS} detector at the LHC}",
  journal = "Phys. Lett. B",
  volume = "716",
  pages = "1",
  year = "2012",
  issn = "0370-2693",
  doi = "10.1016/j.physletb.2012.08.020",
        eprint         = "1207.7214",
      archivePrefix  = "arXiv",
}
% CMS short paper
@article{bib:Chatrchyan201230,
  AUTHOR      = "Chatrchyan, Serguei and others",
  collaboration = "CMS",
  title = "{Observation of a new boson at a mass of 125 GeV with the CMS experiment at the LHC}",
  journal = "Phys. Lett. B",
  volume = "716",
  pages = "30",
  year = "2012",
  issn = "0370-2693",
  doi = "10.1016/j.physletb.2012.08.021",
        eprint         = "1207.7235",
      archivePrefix  = "arXiv",
  keywords = "CMS",
  keywords = "Physics",
  keywords = "Higgs "
}
%CMS long paper
@article{Chatrchyan:2013lba,
      author         = "Chatrchyan, Serguei and others",
      title          = "{Observation of a new boson with mass near 125 GeV in pp
                        collisions at $\sqrt{s}$ = 7 and 8 TeV}",
      collaboration  = "CMS",
      journal        = "JHEP",
      volume         = "06",
      pages          = "081",
      doi            = "10.1007/JHEP06(2013)081",
      year           = "2013",
      eprint         = "1303.4571",
      archivePrefix  = "arXiv",
      primaryClass   = "hep-ex",
      reportNumber   = "CMS-HIG-12-036, CERN-PH-EP-2013-035",
      SLACcitation   = "%%CITATION = ARXIV:1303.4571;%%",
}



@article{Khachatryan:2014jba,
      author         = "Khachatryan, Vardan and others",
      title          = "{Precise determination of the mass of the Higgs boson and
                        tests of compatibility of its couplings with the standard
                        model predictions using proton collisions at 7 and 8 TeV}",
      collaboration  = "CMS",
      journal        = "Eur. Phys. J. C",
      year           = {2015},
      issn           = {1434-6044},
      pages          = {212},
      volume         = {75},
      doi            = {10.1140/epjc/s10052-015-3351-7},
      eprint         = "1412.8662",
      archivePrefix  = "arXiv",
      primaryClass   = "hep-ex",
      reportNumber   = "CMS-HIG-14-009, CERN-PH-EP-2014-288",
      SLACcitation   = "%%CITATION = ARXIV:1412.8662;%%",
}

@article{Aad:2014aba,
      author         = "Aad, Georges and others",
      title          = "{Measurement of the Higgs boson mass from the
                        $H\rightarrow{}\gamma{}\gamma{}$ and
                        $H\rightarrow{}Z{Z}^{*}\rightarrow{}4\ell{}$ channels in $pp$ collisions
                        at center-of-mass energies of 7 and 8~TeV with the ATLAS detector}",
      collaboration  = "{ATLAS}",
      journal        = "Phys. Rev. D",
      volume         = "90",
      pages          = "052004",
      doi            = "10.1103/PhysRevD.90.052004",
      year           = "2014",
      eprint         = "1406.3827",
      archivePrefix  = "arXiv",
      primaryClass   = "hep-ex",
      reportNumber   = "CERN-PH-EP-2014-122",
      SLACcitation   = "%%CITATION = ARXIV:1406.3827;%%",
}

@article{Aad:2013xqa,
      author         = "Aad, Georges and others",
      title          = "{Evidence for the spin-0 nature of the Higgs boson using ATLAS data}",
      collaboration  = "ATLAS",
      journal        = "Phys. Lett. B",
      volume         = "726",
      pages          = "120",
      doi            = "10.1016/j.physletb.2013.08.026",
      year           = "2013",
      eprint         = "1307.1432",
      archivePrefix  = "arXiv",
      primaryClass   = "hep-ex",
      reportNumber   = "CERN-PH-EP-2013-102",
      SLACcitation   = "%%CITATION = ARXIV:1307.1432;%%",
}

@article{Aad:2015zhl,
      author         = "{CMS and ATLAS Collaborations}",
      title          = "{Combined Measurement of the Higgs Boson Mass in $pp$
                        Collisions at $\sqrt{s}=7$ and 8 TeV with the ATLAS and
                        CMS Experiments}",
      eprint         = "1503.07589",
      archivePrefix  = "arXiv",
      primaryClass   = "hep-ex",
      reportNumber   = "ATLAS-HIGG-2014-14, CMS-HIG-14-042, CERN-PH-EP-2015-075",
      SLACcitation   = "%%CITATION = ARXIV:1503.07589;%%",
      journal = {Phys. Rev. Lett.},
      volume = {114},
      issue = {19},
      pages = {191803},
      numpages = {33},
      year = {2015},
      publisher = {American Physical Society},
      doi = {10.1103/PhysRevLett.114.191803},
      url = {http://link.aps.org/doi/10.1103/PhysRevLett.114.191803}
}


% Composite Higgs

@Article{Contino2011,
  author="Contino, Roberto
  and Pappadopulo, Duccio
  and Marzocca, David
  and Rattazzi, Riccardo",
  title="On the effect of resonances in composite Higgs phenomenology",
  journal="JHEP",
  year="2011",
  volume="11",
  pages="1--50",
  issn="1029-8479",
  doi="10.1007/JHEP10(2011)081",
  url="http://dx.doi.org/10.1007/JHEP10(2011)081"
}

@Article{Marzocca2012,
  author="Marzocca, David
  and Serone, Marco
  and Shu, Jing",
  title="General composite Higgs models",
  journal="JHEP",
  year="2012",
  volume="12",
  pages="1--52",
  issn="1029-8479",
  doi="10.1007/JHEP08(2012)013",
  url="http://dx.doi.org/10.1007/JHEP08(2012)013"
}

@article{Bellazzini:2014yua,
      author         = "Bellazzini, Brando and Csaki, Csaba and Serra, Javi",
      title          = "{Composite Higgses}",
      journal        = "Eur. Phys. J. C",
      volume         = "74",
      year           = "2014",
      pages          = "2766",
      doi            = "10.1140/epjc/s10052-014-2766-x",
      eprint         = "1401.2457",
      archivePrefix  = "arXiv",
      primaryClass   = "hep-ph",
      SLACcitation   = "%%CITATION = ARXIV:1401.2457;%%"
}


% Little Higgs

@article{Han:2003wu,
      author         = "Han, Tao and Logan, Heather E. and McElrath, Bob and
                        Wang, Lian-Tao",
      title          = "{Phenomenology of the little Higgs model}",
      journal        = "Phys. Rev. D",
      volume         = "67",
      year           = "2003",
      pages          = "095004",
      doi            = "10.1103/PhysRevD.67.095004",
      eprint         = "hep-ph/0301040",
      archivePrefix  = "arXiv",
      primaryClass   = "hep-ph",
      reportNumber   = "MADPH-02-1317",
      SLACcitation   = "%%CITATION = HEP-PH/0301040;%%"
}

@article{Schmaltz,
  author = {Martin Schmaltz and David Tucker-Smith},
  title = {LITTLE HIGGS THEORIES},
  journal = {Annual Review of Nuclear and Particle Science},
  volume = {55},
  pages = {229-270},
  year = {2005},
  doi = {10.1146/annurev.nucl.55.090704.151502},
}

@article{Perelstein2007247,
title = "Little Higgs models and their phenomenology ",
journal = "Progress in Particle and Nuclear Physics ",
volume = "58",
pages = "247 - 291",
year = "2007",
note = "",
issn = "0146-6410",
doi = "http://dx.doi.org/10.1016/j.ppnp.2006.04.001",
url = "http://www.sciencedirect.com/science/article/pii/S0146641006000469",
author = "Maxim Perelstein",
keywords = "Higgs boson",
keywords = "Electroweak symmetry breaking",
keywords = "Physics beyond the standard model",
keywords = "Collider phenomenology "
}


@Article{Pappadopulo2014,
  author="Pappadopulo, Duccio
  and Thamm, Andrea
  and Torre, Riccardo
  and Wulzer, Andrea",
  title="Heavy vector triplets: bridging theory and data",
  journal="JHEP",
  year="2014",
  volume="14",
  pages="1--50",
  issn="1029-8479",
  doi="10.1007/JHEP09(2014)060",
  url="http://dx.doi.org/10.1007/JHEP09(2014)060",
  eprint         = "1402.4431",
  archivePrefix  = "arXiv",
  primaryClass   = "hep-ph",
}


% Z'

@article{Barger:1980ix,
      author         = "Barger, Vernon D. and Keung, Wai-Yee and Ma, Ernest",
      title          = "{A Gauge Model With Light $W$ and $Z$ Bosons}",
      journal        = "Phys. Rev. D",
      volume         = "22",
      year           = "1980",
      pages          = "727",
      doi            = "10.1103/PhysRevD.22.727",
      reportNumber   = "COO-881-133, UH-511-381-80",
      SLACcitation   = "%%CITATION = PHRVA,D22,727;%%"
}



@article{1126-6708-2009-11-068,
  author={Ennio Salvioni and Giovanni Villadoro and Fabio Zwirner},
  title={Minimal Z' models: present bounds and early LHC reach},
  journal={JHEP},
  volume={09},
  pages={068},
  year={2009},
  doi="10.1088/1126-6708/2009/11/068",
  eprint         = "0909.1320",
  archivePrefix  = "arXiv",
  primaryClass   = "hep-ph",
}

@article{Grojean:2011vu,
      author         = "Grojean, Christophe and Salvioni, Ennio and Torre,
                        Riccardo",
      title          = "{A weakly constrained W' at the early LHC}",
      journal        = "JHEP",
      volume         = "07",
      year           = "2011",
      pages          = "002",
      doi            = "10.1007/JHEP07(2011)002",
      eprint         = "1103.2761",
      archivePrefix  = "arXiv",
      primaryClass   = "hep-ph",
      reportNumber   = "CERN-PH-TH-2011-041, DFPD-2011-TH-3, IFUP-TH-2011-05,
                        LPN11-10, ZU-TH-04-11, --ZU-TH-04-11",
      SLACcitation   = "%%CITATION = ARXIV:1103.2761;%%"
}

% AZh

@article{Khachatryan:2015lba,
      author         = "Khachatryan, Vardan and others",
      title          = "{Search for a pseudoscalar boson decaying into a Z boson
                        and the 125 GeV Higgs boson in $\ell^+\ell^- b\overline{b}$
                        final states}",
      collaboration  = "CMS",
      journal        = "Phys. Lett. B",
      volume         = "748",
      year           = "2015",
      pages          = "221-243",
      doi            = "10.1016/j.physletb.2015.07.010",
      eprint         = "1504.04710",
      archivePrefix  = "arXiv",
      primaryClass   = "hep-ex",
      reportNumber   = "CMS-HIG-14-011, CERN-PH-EP-2015-088",
      SLACcitation   = "%%CITATION = ARXIV:1504.04710;%%"
}


% Generators

@article{MadGraph,
      author         = "Alwall, J. and Frederix, R. and Frixione, S. and Hirschi, V. and Maltoni, F. and Mattelaer, O. and Shao, H.-S. and Stelzer, T. and Torrielli, P. and Zaro, M.",
      title          = "The automated computation of tree-level and next-to-leading order differential cross sections, and 
                            their matching to parton shower simulations",
      journal        = "JHEP",
      volume         = "07",
      pages          = "079",
      year           = "2014",
      doi            = "10.1007/JHEP07(2014)079",
      eprint         = "1405.0301",
      archivePrefix  = "arXiv",
      primaryClass   = "hep-ph",
} 

@article{Sjostrand:2007gs,
      author         = "Sj{\"o}strand, Torbj{\"o}rn and Mrenna, Stephen and Skands, Peter Z.",
      title          = "{A Brief Introduction to PYTHIA 8.1}",
      journal        = "Comput. Phys. Commun.",
      volume         = "178",
      year           = "2008",
      pages          = "852-867",
      doi            = "10.1016/j.cpc.2008.01.036",
      eprint         = "0710.3820",
      archivePrefix  = "arXiv",
      primaryClass   = "hep-ph",
      reportNumber   = "CERN-LCGAPP-2007-04, LU-TP-07-28,
                        FERMILAB-PUB-07-512-CD-T",
      SLACcitation   = "%%CITATION = ARXIV:0710.3820;%%"
}

@Article{Sjostrand:2006za,
      author         = "Sj{\"o}strand, Torbj{\"o}rn and Mrenna, Stephen and Skands, Peter",
      title          = "{PYTHIA} 6.4 physics and manual",
      journal        = "JHEP",
      volume         = "05",
      pages          = "026",
      doi            = "10.1088/1126-6708/2006/05/026",
      year           = "2006",
      eprint         = "hep-ph/0603175",
      archivePrefix  = "arXiv",
      primaryClass   = "hep-ph",
      reportNumber   = "FERMILAB-PUB-06-052-CD-T, LU-TP-06-13",
      SLACcitation   = "%%CITATION = HEP-PH/0603175;%%",
}


@article{Nason:2004rx,
      author         = "Nason, Paolo",
      title          = "{A New method for combining NLO QCD with shower Monte
                        Carlo algorithms}",
      journal        = "JHEP",
      volume         = "11",
      year           = "2004",
      pages          = "040",
      doi            = "10.1088/1126-6708/2004/11/040",
      eprint         = "hep-ph/0409146",
      archivePrefix  = "arXiv",
      primaryClass   = "hep-ph",
      reportNumber   = "BICOCCA-FT-04-11",
      SLACcitation   = "%%CITATION = HEP-PH/0409146;%%"
}

@article{Frixione:2007vw,
      author         = "Frixione, Stefano and Nason, Paolo and Oleari, Carlo",
      title          = "{Matching NLO QCD computations with Parton Shower
                        simulations: the POWHEG method}",
      journal        = "JHEP",
      volume         = "11",
      year           = "2007",
      pages          = "070",
      doi            = "10.1088/1126-6708/2007/11/070",
      eprint         = "0709.2092",
      archivePrefix  = "arXiv",
      primaryClass   = "hep-ph",
      reportNumber   = "BICOCCA-FT-07-9, GEF-TH-21-2007",
      SLACcitation   = "%%CITATION = ARXIV:0709.2092;%%"
}
@article{Alioli:2010xd,
      author         = "Alioli, Simone and Nason, Paolo and Oleari, Carlo and Re,
                        Emanuele",
      title          = "{A general framework for implementing NLO calculations in
                        shower Monte Carlo programs: the POWHEG BOX}",
      journal        = "JHEP",
      volume         = "06",
      year           = "2010",
      pages          = "043",
      doi            = "10.1007/JHEP06(2010)043",
      eprint         = "1002.2581",
      archivePrefix  = "arXiv",
      primaryClass   = "hep-ph",
      reportNumber   = "DESY-10-018, SFB-CPP-10-22, IPPP-10-11, DCPT-10-22",
      SLACcitation   = "%%CITATION = ARXIV:1002.2581;%%"
}

@article{Li:2012wna,
      author         = "Li, Ye and Petriello, Frank",
      title          = "{Combining QCD and electroweak corrections to dilepton
                        production in FEWZ}",
      journal        = "Phys. Rev. D",
      volume         = "86",
      year           = "2012",
      pages          = "094034",
      doi            = "10.1103/PhysRevD.86.094034",
      eprint         = "1208.5967",
      archivePrefix  = "arXiv",
      primaryClass   = "hep-ph",
      reportNumber   = "ANL-HEP-PR-12-68",
      SLACcitation   = "%%CITATION = ARXIV:1208.5967;%%"
}

@article{Czakon:2011xx,
      author         = "Czakon, Michal and Mitov, Alexander",
      title          = "{Top++: A Program for the Calculation of the Top-Pair
                        Cross-Section at Hadron Colliders}",
      journal        = "Comput. Phys. Commun.",
      volume         = "185",
      year           = "2014",
      pages          = "2930",
      doi            = "10.1016/j.cpc.2014.06.021",
      eprint         = "1112.5675",
      archivePrefix  = "arXiv",
      primaryClass   = "hep-ph",
      reportNumber   = "CERN-PH-TH-2011-303, TTK-11-58",
      SLACcitation   = "%%CITATION = ARXIV:1112.5675;%%"
}


@article{Kallweit:2015dum,
      author         = "Kallweit, Stefan and Lindert, Jonas M. and Pozzorini,
                        Stefano and Sch√∂nherr, Marek and Maierh√∂fer, Philipp",
      title          = "{NLO QCD+EW predictions for V+jets including off-shell
                        vector-boson decays and multijet merging}",
      year           = "2015",
      eprint         = "1511.08692",
      archivePrefix  = "arXiv",
      primaryClass   = "hep-ph",
      reportNumber   = "DCPT-15-140, FR-PHENO-2015-014, IPPP-15-70, MCNET-15-23,
                        --MITP-15-108, ZU-TH-41-15",
      SLACcitation   = "%%CITATION = ARXIV:1511.08692;%%"
}

@article{Skands:2014pea,
      author         = "Skands, Peter and Carrazza, Stefano and Rojo, Juan",
      title          = "{Tuning PYTHIA 8.1: the Monash 2013 Tune}",
      journal        = "Eur. Phys. J. C",
      volume         = "74",
      year           = "2014",
      pages          = "3024",
      doi            = "10.1140/epjc/s10052-014-3024-y",
      eprint         = "1404.5630",
      archivePrefix  = "arXiv",
      primaryClass   = "hep-ph",
      reportNumber   = "CERN-PH-TH-2014-069, MCNET-14-08, OUTP-14-05P",
      SLACcitation   = "%%CITATION = ARXIV:1404.5630;%%"
}

@article{Bellm:2015jjp,
      author         = "Bellm, Johannes and others",
      title          = "{Herwig 7.0 / Herwig++ 3.0 Release Note}",
      year           = "2015",
      eprint         = "1512.01178",
      archivePrefix  = "arXiv",
      primaryClass   = "hep-ph",
      reportNumber   = "CERN-PH-TH-2015-289, MAN-HEP-2015-15, IFJPAN-IV-2015-13,
                        HERWIG-2015-01, KA-TP-18-2015, DCPT-15-142, MCNET-15-28,
                        IPPP-15-71",
      SLACcitation   = "%%CITATION = ARXIV:1512.01178;%%"
}


@article{Bahr:2008pv,
      author         = "Bahr, M. and others",
      title          = "{Herwig++ Physics and Manual}",
      journal        = "Eur. Phys. J. C",
      volume         = "58",
      year           = "2008",
      pages          = "639-707",
      doi            = "10.1140/epjc/s10052-008-0798-9",
      eprint         = "0803.0883",
      archivePrefix  = "arXiv",
      primaryClass   = "hep-ph",
      reportNumber   = "CERN-PH-TH-2008-038, CAVENDISH-HEP-08-03, KA-TP-05-2008,
                        DCPT-08-22, IPPP-08-11, CP3-08-05",
      SLACcitation   = "%%CITATION = ARXIV:0803.0883;%%"
}

@article{Ball:2014uwa,
       author         = "Ball, Richard D. and others",
       title          = "{Parton distributions for the LHC Run II}",
       collaboration  = "NNPDF",
       journal        = "JHEP",
       volume         = "04",
       year           = "2015",
       pages          = "040",
       doi            = "10.1007/JHEP04(2015)040",
       eprint         = "1410.8849",
       archivePrefix  = "arXiv",
       primaryClass   = "hep-ph",
       reportNumber   = "EDINBURGH-2014-15, IFUM-1034-FT,CERN-PH-TH-2013-253,
                         OUTP-14-11P, CAVENDISH-HEP-14-11",
       SLACcitation   = "%%CITATION = ARXIV:1410.8849;%%"
}

% CTEQ6L
@article{Pumplin:2002vw,
      author         = "Pumplin, J. and Stump, D. R. and Huston, J. and Lai, H.
                        L. and Nadolsky, Pavel M. and Tung, W. K.",
      title          = "{New generation of parton distributions with
                        uncertainties from global QCD analysis}",
      journal        = "JHEP",
      volume         = "07",
      year           = "2002",
      pages          = "012",
      doi            = "10.1088/1126-6708/2002/07/012",
      eprint         = "hep-ph/0201195",
      archivePrefix  = "arXiv",
      primaryClass   = "hep-ph",
      reportNumber   = "MSU-HEP-011101",
      SLACcitation   = "%%CITATION = HEP-PH/0201195;%%"
}

@article{Agostinelli:2002hh,
      author         = "Agostinelli, S. and others",
      title          = "{GEANT4: A Simulation toolkit}",
      collaboration  = "GEANT4",
      journal        = "Nucl. Instrum. Meth. A",
      volume         = "506",
      year           = "2003",
      pages          = "250-303",
      doi            = "10.1016/S0168-9002(03)01368-8",
      reportNumber   = "SLAC-PUB-9350, FERMILAB-PUB-03-339",
      SLACcitation   = "%%CITATION = NUIMA,A506,250;%%"
}


@article{Ellis:2009su,
      author         = "Ellis, Stephen D. and Vermilion, Christopher K. and
                        Walsh, Jonathan R.",
      title          = "{Techniques for improved heavy particle searches with jet
                        substructure}",
      journal        = "Phys. Rev. D",
      volume         = "80",
      year           = "2009",
      pages          = "051501",
      doi            = "10.1103/PhysRevD.80.051501",
      eprint         = "0903.5081",
      archivePrefix  = "arXiv",
      primaryClass   = "hep-ph",
      SLACcitation   = "%%CITATION = ARXIV:0903.5081;%%"
}



@inproceedings{Wobisch:1998wt,
      author         = "Wobisch, M. and Wengler, T.",
      title          = "{Hadronization corrections to jet cross-sections in deep
                        inelastic scattering}",
      booktitle      = "{Monte Carlo generators for HERA physics. Proceedings,
                        Workshop, Hamburg, Germany, 1998-1999}",
      url            = "http://inspirehep.net/record/484872/files/arXiv:hep-ph_9907280.pdf",
      year           = "1998",
      eprint         = "hep-ph/9907280",
      archivePrefix  = "arXiv",
      primaryClass   = "hep-ph",
      reportNumber   = "PITHA-99-16",
      SLACcitation   = "%%CITATION = HEP-PH/9907280;%%"
}



@article{Cacciari:2011ma,
      author         = "Cacciari, Matteo and Salam, Gavin P. and Soyez, Gregory",
      title             = "{FastJet user manual}",
      journal        = "Eur. Phys. J. C",
      volume       = "72",
      pages         = "1896",
      doi              = "10.1140/epjc/s10052-012-1896-2",
      year           = "2012",
      eprint         = "1111.6097",
      archivePrefix  = "arXiv",
      primaryClass   = "hep-ph",
      reportNumber   = "CERN-PH-TH-2011-297",
      SLACcitation   = "%%CITATION = ARXIV:1111.6097;%%",
}


%SPIRES had this one as R. Adolphi, et. al. Wrong. Now corrected in InspireHEP.
@Article{Chatrchyan:2008zzk,
     author    = "Chatrchyan, S. and others",
     collaboration = "CMS",
     title     = "The {CMS} experiment at the {CERN} {LHC}",
     journal   = "JINST",
     volume    = "3",
     year      = "2008",
     pages     = "S08004",
     doi       = "10.1088/1748-0221/3/08/S08004",
     SLACcitation  = "%%CITATION = JINST,3,S08004;%%"
}
% An evergreen:
@article{Beringer:1900zz,
      author         = "{Particle Data Group} and Beringer, J. and others",
      title          = "{Review of Particle Physics}",
      journal        = "Phys. Rev. D",
      volume         = "86",
      pages          = "010001",
      doi            = "10.1103/PhysRevD.86.010001",
      year           = "2012",
      SLACcitation   = "%%CITATION = PHRVA,D86,010001;%%",
}

@article{Chatrchyan:2014fea,
      author         = "Chatrchyan, Serguei and others",
      title          = "{Description and performance of track and primary-vertex
                        reconstruction with the CMS tracker}",
      collaboration  = "CMS",
      journal        = "JINST",
      volume         = "9",
      year           = "2014",
      pages          = "P10009",
      doi            = "10.1088/1748-0221/9/10/P10009",
      eprint         = "1405.6569",
      archivePrefix  = "arXiv",
      primaryClass   = "physics.ins-det",
      reportNumber   = "CMS-TRK-11-001, CERN-PH-EP-2014-070",
      SLACcitation   = "%%CITATION = ARXIV:1405.6569;%%"
}

@article{Chatrchyan:2012xi,
      author         = "Chatrchyan, Serguei and others",
      title          = "{Performance of CMS muon reconstruction in $pp$ collision
                        events at $\sqrt{s}=7$ TeV}",
      collaboration  = "CMS",
      journal        = "JINST",
      volume         = "7",
      year           = "2012",
      pages          = "P10002",
      doi            = "10.1088/1748-0221/7/10/P10002",
      eprint         = "1206.4071",
      archivePrefix  = "arXiv",
      primaryClass   = "physics.ins-det",
      reportNumber   = "CMS-MUO-10-004, CERN-PH-EP-2012-173",
      SLACcitation   = "%%CITATION = ARXIV:1206.4071;%%"
}

% Reconstruction

@TECHREPORT{CMS-PAS-PFT-09-001,
      AUTHOR      = "{CMS Collaboration}",
      COLLABORATION = "CMS",
      TITLE       = "{Particle-flow event reconstruction in {CMS} and performance for jets, taus, and {\MET}}",
      URL         = "http://cdsweb.cern.ch/record/1194487",
      TYPE        = "CMS Physics Analysis Summary",
      NUMBER      = "CMS-PAS-PFT-09-001",
      INSTITUTION = "CERN",
      YEAR        = "2009"
}
@TECHREPORT{CMS-PAS-PFT-10-001,
      AUTHOR      = "{CMS Collaboration}",
      COLLABORATION = "CMS",
      TITLE       = "{Commissioning of the particle-flow event with the first {LHC} collisions recorded in the {CMS} detector}",
      URL         = "http://cdsweb.cern.ch/record/1247373",
      TYPE        = "CMS Physics Analysis Summary",
      NUMBER      = "CMS-PAS-PFT-10-001",
      INSTITUTION = "CERN",
      YEAR        = "2010"
}
@article{Chatrchyan:2012zz,
      author         = "Chatrchyan, Serguei and others",
      title          = "{Performance of tau-lepton reconstruction and
                        identification in CMS}",
      collaboration  = "CMS",
      journal        = "JINST",
      volume         = "7",
      year           = "2012",
      pages          = "P01001",
      doi            = "10.1088/1748-0221/7/01/P01001",
      eprint         = "1109.6034",
      archivePrefix  = "arXiv",
      primaryClass   = "physics.ins-det",
      reportNumber   = "CERN-PH-EP-2011-137, CMS-TAU-11-001",
      SLACcitation   = "%%CITATION = ARXIV:1109.6034;%%"
}

@article{Chatrchyan:2011ds,
      author         = "Chatrchyan, Serguei and others",
      title          = "{Determination of Jet Energy Calibration and Transverse
                        Momentum Resolution in CMS}",
      collaboration  = "CMS",
      journal        = "JINST",
      volume         = "6",
      year           = "2011",
      pages          = "P11002",
      doi            = "10.1088/1748-0221/6/11/P11002",
      eprint         = "1107.4277",
      archivePrefix  = "arXiv",
      primaryClass   = "physics.ins-det",
      reportNumber   = "CERN-PH-EP-2011-102, CMS-JME-10-011",
      SLACcitation   = "%%CITATION = ARXIV:1107.4277;%%"
}


@techreport{CMS-PAS-BTV-15-001,
      collaboration = "CMS",
      title         = "{Identification of b quark jets at the CMS Experiment in
                       the LHC Run 2}",
      url           = "http://cds.cern.ch/record/2138504",
      TYPE          = "CMS Physics Analysis Summary",
      NUMBER        = "CMS-PAS-BTV-15-001",
      YEAR          = "2016",
      INSTITUTION   = "CERN",
}


@article{Khachatryan:2014gga,
      author         = "Khachatryan, Vardan and others",
      title          = "{Performance of the CMS missing transverse momentum
                        reconstruction in pp data at $\sqrt{s}$ = 8 TeV}",
      collaboration  = "CMS",
      journal        = "JINST",
      volume         = "10",
      year           = "2015",
      pages          = "P02006",
      doi            = "10.1088/1748-0221/10/02/P02006",
      eprint         = "1411.0511",
      archivePrefix  = "arXiv",
      primaryClass   = "physics.ins-det",
      reportNumber   = "CMS-JME-13-003, CERN-PH-EP-2014-246",
      SLACcitation   = "%%CITATION = ARXIV:1411.0511;%%"
}
@article{Chatrchyan:2012jua,
      author         = "Chatrchyan, Serguei and others",
      title          = "{Identification of b-quark jets with the CMS experiment}",
      collaboration  = "CMS",
      journal        = "JINST",
      volume         = "8",
      year           = "2013",
      pages          = "P04013",
      doi            = "10.1088/1748-0221/8/04/P04013",
      eprint         = "1211.4462",
      archivePrefix  = "arXiv",
      primaryClass   = "hep-ex",
      reportNumber   = "CMS-BTV-12-001, CERN-PH-EP-2012-262",
      SLACcitation   = "%%CITATION = ARXIV:1211.4462;%%"
}
@techreport{CMS-PAS-JME-12-002,
      AUTHOR      = "{CMS Collaboration}",
      COLLABORATION = {CMS},
      title         = "{{MET} performance in 8 TeV data}",
      number        = "CMS-PAS-JME-12-002",
      year          = "2013",
      url           = "http://cds.cern.ch/record/1543527",
      INSTITUTION = "CERN",
      TYPE        = "CMS Physics Analysis Summary",
}

% kinematic W
@phdthesis{Bauer:1308713,
      author        = "Bauer, Julia and Muller, Thomas",
      title         = "{Prospects for the Observation of Electroweak Top Quark
                       Production with the CMS Experiment}",
      school        = "Karlsruhe, Inst. Technol.",
      year          = "2010",
      reportNumber  = "CERN-THESIS-2010-146",
      url           = "https://cds.cern.ch/record/1308713",
      note          = "Presented on 7 May 2010",
}

@techreport{CBfunction,
        Author = {{M. J. Oreglia}},
        Title = {Study of the Reactions Psi-Prime Meson to Gamma, Gamma, Psi},
        Type = {{Ph.D. Thesis, Stanford University, Dissertation Abstracts International, Volume 41-11}},
        Institution = {Stanford University},
        Year = {1981}
}

@techreport{CMS-NOTE-2011-005,
      AUTHOR="{CMS and ATLAS Collaborations}",
      title        = "Procedure for the LHC Higgs boson search combination in Summer 2011",
      number        = "CMS-NOTE-2011-005, ATL-PHYS-PUB-2011-11",
      institution   = "CERN",
      year          = "2011",
      reportNumber  = "CMS-NOTE-2011-005",
      url           = "https://cds.cern.ch/record/1379837",
      type          = "https://cds.cern.ch/record/1379837",
}



@article{CLs2,
      author         = "Junk, Thomas",
      title          = "{Confidence level computation for combining searches with
                        small statistics}",
      journal        = "Nucl. Instrum. Meth. A",
      volume         = "434",
      pages          = "435",
      doi            = "10.1016/S0168-9002(99)00498-2",
      year           = "1999",
      eprint         = "hep-ex/9902006",
      archivePrefix  = "arXiv",
      primaryClass   = "hep-ex",
      reportNumber   = "CARLETON-OPAL-PHYS-99-01, CERN-EP-99-041",
      SLACcitation   = "%%CITATION = HEP-EX/9902006;%%",
}

@article{Asymptotic,
      author         = "Cowan, Glen and Cranmer, Kyle and Gross, Eilam and
                        Vitells, Ofer",
      title          = "{Asymptotic formulae for likelihood-based tests of new
                        physics}",
      journal        = "Eur. Phys. J. C",
      volume         = "71",
      year           = "2011",
      pages          = "1554",
      doi            = "10.1140/epjc/s10052-011-1554-0,
                        10.1140/epjc/s10052-013-2501-z",
      note           = "[Erratum: Eur. Phys. J.C73,2501(2013)]",
      eprint         = "1007.1727",
      archivePrefix  = "arXiv",
      primaryClass   = "physics.data-an",
      SLACcitation   = "%%CITATION = ARXIV:1007.1727;%%"
}

@Article{RS,
      AUTHOR       = "Randall, L. and Sundrum, R.",
      TITLE        = "Large Mass Hierarchy from a Small Extra Dimension",
      JOURNAL      = "Phys. Rev. Lett.",
      VOLUME       = "83",
      YEAR         = "1999",
      PAGES        = "3370",
      eprint =  "hep-ph/9905221",
      archivePrefix = "arXiv",
      doi = "10.1103/PhysRevLett.83.3370"
}

@Article{ref_rsg,
     author         = "Randall, Lisa and Sundrum, Raman",
      title          = "An alternative to compactification",
      journal        = "Phys. Rev. Lett.",
      volume         = "83",
      pages          = "4690",
      doi            = "10.1103/PhysRevLett.83.4690",
      year           = "1999",
      eprint         = "hep-th/9906064",
      archivePrefix  = "arXiv",
      primaryClass   = "hep-th",
      reportNumber   = "MIT-CTP-2874, PUPT-1867, BUHEP-99-13",
      SLACcitation   = "%%CITATION = HEP-TH/9906064;%%",                                                      
}

@article{CMS:2013gfa,
      author         = "CMS Collaboration",
      title          = "{CMS Luminosity Based on Pixel Cluster Counting - Summer
                        2013 Update}",
      collaboration  = "CMS",
      year           = "2013",
      reportNumber   = "CMS-PAS-LUM-13-001",
      SLACcitation   = "%%CITATION = CMS-PAS-LUM-13-001;%%"
}


@article{Khachatryan:2015ywa,
      author         = "Khachatryan, Vardan and others",
      title          = "{Search for Narrow High-Mass Resonances in
                        Proton-Proton Collisions at $\sqrt{s}$ = 8 TeV Decaying
                        to a Z and a Higgs Boson}",
      collaboration  = "CMS",
      journal        = "Phys. Lett. B",
      volume         = "748",
      year           = "2015",
      pages          = "255-277",
      doi            = "10.1016/j.physletb.2015.07.011",
      eprint         = "1502.04994",
      archivePrefix  = "arXiv",
      primaryClass   = "hep-ex",
      reportNumber   = "CMS-EXO-13-007, CERN-PH-EP-2015-010",
      SLACcitation   = "%%CITATION = ARXIV:1502.04994;%%"
}


@article{Khachatryan:2016yji,
      author         = "Khachatryan, Vardan and others",
      title          = "{Search for massive WH resonances decaying into the $\ell
                        \nu\mathrm{ b \bar{b} }$ final state at $\sqrt{s}= $ 8
                        TeV}",
      collaboration  = "CMS",
      year           = "2016",
      eprint         = "1601.06431",
      archivePrefix  = "arXiv",
      primaryClass   = "hep-ex",
      reportNumber   = "CMS-EXO-14-010, CERN-PH-2015-332, CERN-PH-EP-2015-332",
      SLACcitation   = "%%CITATION = ARXIV:1601.06431;%%",
      note           = "Submitted to Eur. Phys. J. C"
}



@article{Khachatryan:2015bma,
      author         = "Khachatryan, Vardan and others",
      title          = "{Search for a massive resonance decaying into a Higgs
                        boson and a W or Z boson in hadronic final states in
                        proton-proton collisions at $ \sqrt{s}=8 $ TeV}",
      collaboration  = "CMS",
      journal        = "JHEP",
      volume         = "02",
      year           = "2016",
      pages          = "145",
      doi            = "10.1007/JHEP02(2016)145",
      eprint         = "1506.01443",
      archivePrefix  = "arXiv",
      primaryClass   = "hep-ex",
      reportNumber   = "CMS-EXO-14-009, CERN-PH-EP-2015-096",
      SLACcitation   = "%%CITATION = ARXIV:1506.01443;%%",
      note           = "Submitted to JHEP"
}



@article{pruning,
      author         = "Ellis, Stephen D. and Vermilion, Christopher K. and
                        Walsh, Jonathan R.",
      title          = "{Recombination Algorithms and Jet Substructure: Pruning
                        as a Tool for Heavy Particle Searches}",
      journal        = "Phys. Rev. D",
      volume         = "81",
      year           = "2010",
      pages          = "094023",
      doi            = "10.1103/PhysRevD.81.094023",
      eprint         = "0912.0033",
      archivePrefix  = "arXiv",
      primaryClass   = "hep-ph",
      SLACcitation   = "%%CITATION = ARXIV:0912.0033;%%"
}

%WULZER REFS

@article{Accomando:2010fz,
      author         = "Accomando, Elena and Belyaev, Alexander and Fedeli, Luca
                        and King, Stephen F. and Shepherd-Themistocleous, Claire",
      title          = "{Z' physics with early LHC data}",
      journal        = "Phys. Rev. D",
      volume         = "83",
      year           = "2011",
      pages          = "075012",
      doi            = "10.1103/PhysRevD.83.075012",
      eprint         = "1010.6058",
      archivePrefix  = "arXiv",
      primaryClass   = "hep-ph",
      reportNumber   = "SHEP-10-36",
      SLACcitation   = "%%CITATION = ARXIV:1010.6058;%%"
}

@article{Schmaltz:2010xr,
      author         = "Schmaltz, Martin and Spethmann, Christian",
      title          = "{Two Simple W' Models for the Early LHC}",
      journal        = "JHEP",
      volume         = "07",
      year           = "2011",
      pages          = "046",
      doi            = "10.1007/JHEP07(2011)046",
      eprint         = "1011.5918",
      archivePrefix  = "arXiv",
      primaryClass   = "hep-ph",
      SLACcitation   = "%%CITATION = ARXIV:1011.5918;%%"
}

% WULZER STRONG
@article{Agashe:2007ki,
      author         = "Agashe, Kaustubh and Davoudiasl, Hooman and
                        Gopalakrishna, Shrihari and Han, Tao and Huang, Gui-Yu and
                        Perez, Gilad and Si, Zong-Guo and Soni, Amarjit",
      title          = "{LHC Signals for Warped Electroweak Neutral Gauge
                        Bosons}",
      journal        = "Phys. Rev. D",
      volume         = "76",
      year           = "2007",
      pages          = "115015",
      doi            = "10.1103/PhysRevD.76.115015",
      eprint         = "0709.0007",
      archivePrefix  = "arXiv",
      primaryClass   = "hep-ph",
      reportNumber   = "UMD-PP-07-007, BNL-HET-07-12, MADPH-07-1496, SU-4252-862",
      SLACcitation   = "%%CITATION = ARXIV:0709.0007;%%"
}

@article{Agashe:2008jb,
      author         = "Agashe, Kaustubh and Gopalakrishna, Shrihari and Han, Tao
                        and Huang, Gui-Yu and Soni, Amarjit",
      title          = "{LHC Signals for Warped Electroweak Charged Gauge
                        Bosons}",
      journal        = "Phys. Rev. D",
      volume         = "80",
      year           = "2009",
      pages          = "075007",
      doi            = "10.1103/PhysRevD.80.075007",
      eprint         = "0810.1497",
      archivePrefix  = "arXiv",
      primaryClass   = "hep-ph",
      reportNumber   = "UMD-PP-08-014, MADPH-08-1520, UCD-2008-03",
      SLACcitation   = "%%CITATION = ARXIV:0810.1497;%%"
}

@article{Agashe:2009bb,
      author         = "Agashe, Kaustubh and Azatov, Aleksandr and Han, Tao and
                        Li, Yingchuan and Si, Zong-Guo and Zhu, Lijun",
      title          = "{LHC Signals for Coset Electroweak Gauge Bosons in
                        Warped/Composite PGB Higgs Models}",
      journal        = "Phys. Rev. D",
      volume         = "81",
      year           = "2010",
      pages          = "096002",
      doi            = "10.1103/PhysRevD.81.096002",
      eprint         = "0911.0059",
      archivePrefix  = "arXiv",
      primaryClass   = "hep-ph",
      reportNumber   = "UMD-PP-09-057, MADPH-09-1547, NPAC-09-14",
      SLACcitation   = "%%CITATION = ARXIV:0911.0059;%%"
}

@article{Khachatryan:2015hwa,
      author         = "Khachatryan, Vardan and others",
      title          = "{Performance of electron reconstruction and selection
                        with the CMS detector in proton-proton collisions at
                        $\sqrt{s} = 8$\TeV}",
      collaboration  = "CMS",
      journal        = "JINST",
      volume         = "10",
      pages          = "P06005",
      doi            = "10.1088/1748-0221/10/06/P06005",
      year           = "2015",
      eprint         = "1502.02701",
      archivePrefix  = "arXiv",
      primaryClass   = "physics.ins-det",
      reportNumber   = "CMS-EGM-13-001, CERN-PH-EP-2015-004",
      SLACcitation   = "%%CITATION = ARXIV:1502.02701;%%",
}

@article{Khachatryan:2015dfa,
      author         = "Khachatryan, Vardan and others",
      title          = "{Reconstruction and identification of $\tau$ lepton
                        decays to hadrons and $\nu_\tau$ at CMS}",
      collaboration  = "CMS",
      journal        = "JINST",
      volume         = "11",
      year           = "2016",
      pages          = "P01019",
      doi            = "10.1088/1748-0221/11/01/P01019",
      eprint         = "1510.07488",
      archivePrefix  = "arXiv",
      primaryClass   = "physics.ins-det",
      reportNumber   = "CMS-TAU-14-001, CERN-PH-EP-2015-261",
      SLACcitation   = "%%CITATION = ARXIV:1510.07488;%%"
}


@ARTICLE{CMS,
     COLLABORATION= "CMS",
     TITLE        = "The CMS experiment at the CERN LHC",
     JOURNAL      = "J. Instrum. ",
     VOLUME       = "03",
     PAGES        = "S08004",
     DOI          = "10.1088/1748-0221/3/08/S08004",
     YEAR         = "2008",}


@techreport{ATLAS-CONF-2016-019,
      author       = "ATLAS Collaboration",
      title        = "Search for Dark Matter in association with a Higgs boson decaying to b-quarks in pp collisions at $\sqrt{s}$=13 TeV with the ATLAS detector",
      institution  = "CERN",
      address      = "Geneva",
      number       = "ATLAS-CONF-2016-019",
      year         = "2016"
}

@article{ATLASHAA,
      author         = "Aad, Georges and others",
      title          = "{Search for Dark Matter in Events with Missing Transverse Momentum and a Higgs Boson Decaying to Two Photons in $\rm{pp}$ Collisions at $\sqrt{s}=8$ TeV with the ATLAS Detector}",
      collaboration  = "ATLAS",
      journal        = "Phys. Rev. Lett.",
      volume         = "115",
      year           = "2015",
      number         = "13",
      pages          = "131801",
      doi            = "10.1103/PhysRevLett.115.131801",
      eprint         = "1506.01081",
      archivePrefix  = "arXiv",
      primaryClass   = "hep-ex",
      reportNumber   = "CERN-PH-EP-2015-120",
      SLACcitation   = "%%CITATION = ARXIV:1506.01081;%%"
}

@article{ATLASHBB,
      author         = "Aad, Georges and others",
      title          = "{Search for dark matter produced in association with a Higgs boson decaying to two bottom quarks in $\rm{pp}$ collisions at $\sqrt{s} = 8$ TeV with the ATLAS detector}",
      collaboration  = "ATLAS",
      year           = "2015",
      eprint         = "1510.06218",
      archivePrefix  = "arXiv",
      primaryClass   = "hep-ex",
      reportNumber   = "CERN-PH-EP-2015-247",
      SLACcitation   = "%%CITATION = ARXIV:1510.06218;%%"
}

@article{2HDM,
      author         = "Berlin, Asher and Lin, Tongyan and Wang, Lian-Tao",
      title          = "{Mono-Higgs Detection of Dark Matter at the LHC}",
      journal        = "JHEP",
      volume         = "06",
      year           = "2014",
      pages          = "078",
      doi            = "10.1007/JHEP06(2014)078",
      eprint         = "1402.7074",
      archivePrefix  = "arXiv",
      primaryClass   = "hep-ph",
      SLACcitation   = "%%CITATION = ARXIV:1402.7074;%%"
}


















@TECHREPORT{CMS_AN_2006-027,
     AUTHOR       = "Belotelov, I. and Golutvin, I. and Bourilkov, D. and Lanyov, A. and Rogalev, E. and Savina, M. and Shmatov, S.",
     TITLE        = "Search for {ADD} extra dimensional gravity in di-muon channel with the {CMS} Detector",
     TYPE      = "CMS Note",
     NUMBER       = "2006/076",
     URL          = "http://cdsweb.cern.ch/record/962045",
     YEAR         = "2006"}
@TECHREPORT{CMS_NOTE_2006-106,
     AUTHOR       = "Aldaya, M. and Arce, P. and Caballero, J. and de la Cruz, B. and Garcia-Abia, P. and Hernandez, J. M. and Josa, M. I. and Ruiz, E.",
     TITLE        = "Discovery potential and search strategy for the Standard Model {H}iggs boson in the {$H\to ZZ^\star\to 4\mu$} decay channel using a mass-independent analysis",
     TYPE      = "CMS Note",
     NUMBER       = "2006/106",
     URL          = "http://cdsweb.cern.ch/record/962058",
     YEAR         = "2006"}
%
% standard article
%
@Article{Brandt:1997gi,
     author    = "Brandt, A. and others",
 collaboration = "UA8",
     title     = "Measurements of single diffraction at $\sqrt{s} =$ 630 {GeV}: Evidence for  a non-linear $\alpha(t)$ of the pomeron",
     journal   = "Nucl. Phys. B",
     volume    = "514",
     year      = "1998",
     pages     = "3",
     SLACcitation  = "%%CITATION = HEP-EX 9710004;%%",
     doi       = "10.1016/S0550-3213(97)00813-4"
}
@ARTICLE{Buchmuller:1986zs,
     AUTHOR       = "Buchm{\"u}ller, W. and Wyler, D.",
     TITLE        = "Constraints on {SU(5)}-type leptoquarks",
     JOURNAL      = "Phys. Lett. B",
     VOLUME       = "177",
     YEAR         = "1986",
     pages        = "377",
     SLACcitation  = "%%CITATION = PHLTA,B191,442;%%",
     doi          = "10.1016/0370-2693(86)90771-9"}
@Article{PTDR2,
     author    = "{CMS Collaboration}",
     title     = "{CMS} technical design report, volume {II}: {Physics}
                  performance",
     journal   = "J. Phys. G",
     volume    = "34",
     year      = "2007",
     pages     = "995",
     doi       = "10.1088/0954-3899/34/6/S01",
     SLACcitation  = "%%CITATION = JPHGB,G34,995;%%"
}
% PAS are now TECHREPORTS. Same for Notes. A formatted list of PASs is located in [svn]/utils/branches/dev/general/pasBib-tech.bib
@TECHREPORT{CMS-PAS-JME-10-003,
      AUTHOR      = "{CMS Collaboration}",
      COLLABORATION = {CMS},
      TITLE       = "Jet Performance in pp Collisions at $\sqrt{s}$=7 {TeV}",
      URL         = "http://cdsweb.cern.ch/record/1279362",
      TYPE     = "CMS Physics Analysis Summary",
      NUMBER      = "CMS-PAS-JME-10-003",
      YEAR        = "2010"

}

@TECHREPORT{BTV-15-001,
      AUTHOR      = "{CMS Collaboration}",
      COLLABORATION = {CMS},
      TITLE       = "Identification of b quark jets at the CMS Experiment in the LHC Run 2",
      URL         = "http://cds.cern.ch/record/2138504?ln=en",
      TYPE     = "CMS Physics Analysis Summary",
      NUMBER      = "CMS-PAS-BTV-15-001",
      YEAR        = "2016"

}


%SPIRES had this one as R. Adolphi, et. al. Wrong. Now corrected in InspireHEP.
@Article{Chatrchyan:2008zzk,
     author    = "Chatrchyan, S. and others",
     collaboration = "CMS",
     title     = "The {CMS} experiment at the {CERN} {LHC}",
     journal   = "JINST",
     volume    = "3",
     year      = "2008",
     pages     = "S08004",
     doi       = "10.1088/1748-0221/3/08/S08004",
     SLACcitation  = "%%CITATION = JINST,3,S08004;%%"
}
% An evergreen:
@article{Beringer:1900zz,
      author         = "{Particle Data Group} and Beringer, J. and others",
      title          = "{Review of Particle Physics}",
      journal        = "Phys. Rev. D",
      volume         = "86",
      pages          = "010001",
      doi            = "10.1103/PhysRevD.86.010001",
      year           = "2012",
      SLACcitation   = "%%CITATION = PHRVA,D86,010001;%%",
}
%
% An example of a document which only appears on arXiv. This one could alternatively be cited as a TECHREPORT using any of the various laboratory report numbers when hosted on a lab server:
% reportNumber   = "CERN-PH-EP-2010-095, FERMILAB-TM-2480-PPD, LEPEWWG-2010-01, TEVEWWG-2010-01, ALEPH-2010-001-PHYSICS-2010-001, CDF-NOTE-10338, D0-NOTE-6130, DELPHI-DELPHI-2010-001-PHYS-952, L3-NOTE-2837, OPAL-PR432, SLAC-PUB-14301",
%

@article{bib:CLS1,
  author = "Read,
  A. L.",
  title = "Presentation of search results: the CLs technique ",
  journal = "J. Phys.",
  volume = "G28",
  year = "2002",
  pages = "2693",
  doi = "10.1088/0954-3899/28/10/313"
}

@article{bib:CLS2,
  author = "Junk, T.",
  title = "Confidence level computation for combining searches with small statistics",
  journal = "Nucl. Instrum. Meth.",
  volume = "A434",
  year = "1999",
  pages = "435",
  eprint = "9902006",
  archivePrefix = "arXiv",
  primaryClass = "hep-ex"
}



@TECHREPORT{ParticleFlow,
      AUTHOR      = "{CMS Collaboration}",
      COLLABORATION = {CMS},
      TITLE       = "Commissioning of the Particle-flow Event Reconstruction with the first LHC collisions recorded in the CMS detector",
      URL         = "https://cds.cern.ch/record/1247373",
      TYPE     = "CMS Physics Analysis Summary",
      NUMBER      = "CMS-PAS-PFT-10-001",
      YEAR        = "2010"
}



@TECHREPORT{bib:fastjet,
  AUTHOR       = "{R. Salam}",
  TITLE        = "FastJet package",
  INSTITUTION  = "CNRS",
  URL         = "{http://www.lpthe.jussieu.fr/salam/fastjet}",
  YEAR         = "2011"
}

@ARTICLE{jme_jinst,
      author         = "Chatrchyan, Serguei and others",
      title          = "{Determination of Jet Energy Calibration and Transverse Momentum Resolution in CMS}",
      collaboration  = "CMS",
      journal        = "JINST",
      volume         = "6",
      pages          = "P11002",
      doi            = "10.1088/1748-0221/6/11/P11002",
      year           = "2011",
      eprint         = "1107.4277",
      archivePrefix  = "arXiv",
      primaryClass   = "physics.ins-det",
      reportNumber   = "CERN-PH-EP-2011-102, CMS-JME-10-011",
      SLACcitation   = "%%CITATION = ARXIV:1107.4277;%%",    
}


@article{cms:JHEP032011136,
      author         = "The CMS collaboration",
      title          = "Measurement of $B\bar{B}$ angular correlations based on secondary vertex reconstruction at $\sqrt{s}$ = 7 TeV.",
      journal        = "JHEP",
      volume         = "03",
      year           = "2011",
      pages          = "136",
      doi            = "10.1007/JHEP03(2011)136",
}




@UNPUBLISHED{LEPewkfits,
     author = "{ALEPH, CDF, D0, DELPHI, L3, OPAL, SLD Collaborations, the LEP Electroweak Working Group, the Tevatron Electroweak Working Group, and the SLD Electroweak and Heavy Flavour Groups}",
     title     = "Precision electroweak measurements and constraints on the {Standard Model}",
     URL       = "http://lepewwg.web.cern.ch/LEPEWWG",
     eprint    = "1012.2367",
     archivePrefix = "arXiv",
     primaryClass  =  "hep-ex",
     year  = "2010",
     SLACcitation  = "%%CITATION = 1012.2367;%%"
}
%
% A document hosted on a laboratory server
%
@TECHREPORT{Bertram:2000br,
  author = " Bertram, I. and Landsberg, G. and Linnemann, J. and Partridge, R. and Paterno, M. and Prosper, H. B.",
  title =  "A Recipe for the construction of confidence limits",
  institution = "Fermilab",
  number     = "{TM-2104}",
  url = "http://lss.fnal.gov/archive/test-tm/2000/fermilab-tm-2104.pdf",
  year = "2000"
 }
 %
 % A document included in Proceedings. PRL may want the ADDRESS field as well.
 %
@INPROCEEDINGS{RooStats,
  AUTHOR       = "Moneta, L. and Belasco, K. and  Cranmer, K. S. and Lazzaro, A. and Piparo, D. and Schott, G. and Verkerke, W. and Wolf, M. ",
  TITLE        = "The {R}oo{S}tats {P}roject",
  BOOKTITLE = "13$^\text{th}$ International Workshop on Advanced Computing and Analysis Techniques in Physics Research (ACAT2010)",
  YEAR         = "2010",
  PUBLISHER = "SISSA",
  NOTE = "{PoS(ACAT2010)057}",
  URL          = "http://pos.sissa.it/archive/conferences/093/057/ACAT2010_057.pdf",
  eprint = "1009.1003",
  primaryClass = "physics.data-an"
}
%
% CMS/ATLAS papers submitted but not yet accepted; The SLACcitation is not required. This is only for illustration, these are now published.
% Upon acceptance the note is modified and the DOI included (if available).
%
@Unpublished{Khachatryan:2010mp,
     author    = "{CMS Collaboration}",
     collaboration = "CMS",
     title     = "Search for Pair Production of First-Generation Scalar Leptoquarks in pp Collisions at $\sqrt{s} = 7$ {TeV}",
     note  = "Submitted to \textit{Phys. Rev. Lett.}",
     eprint    = "1012.4031",
     archivePrefix = "arXiv",
     primaryClass  =  "hep-ex",
     year = "2010",
     SLACcitation  = "%%CITATION = 1012.4031;%%"
}
@Unpublished{CMS-PAPER-MUO-10-004,
     author    = "{CMS Collaboration}",
     collaboration = "CMS",
     title     = "Performance of CMS muon reconstruction in pp collision events at {$\sqrt{s} = 7$\TeV}",
     note  = "Submitted to \textit{J. Inst.}",
     eprint    = "1206.4071",
     archivePrefix = "arXiv",
     primaryClass  =  "physics.ins-det",
     year = "2012",
}
@Unpublished{ATLAS:2011aa,
        Archiveprefix = {arXiv},
        Author = {{ATLAS Collaboration}},
        Collaboration = {ATLAS},
        Eprint = {1112.2577},
        Note = {Submitted to \textit{Phys. Rev. Lett.}},
        Primaryclass = {hep-ex},
        Slaccitation = {%%CITATION = 1112.2577;%%},
        Title = {Search for the {H}iggs boson in the {$H\to$WW(*)$\to \ell^+ \nu \ell^- \bar{\nu}$} decay channel in pp collisions at $\sqrt{s}$ = 7 {TeV} with the {ATLAS} detector},
        Year = {2011}}
% Misc

@Article{Sjostrand:2006za,
      author         = "Sj{\"o}strand, Torbj{\"o}rn and Mrenna, Stephen and Skands, Peter",
      title          = "{PYTHIA} 6.4 physics and manual",
      journal        = "JHEP",
      volume         = "05",
      pages          = "026",
      doi            = "10.1088/1126-6708/2006/05/026",
      year           = "2006",
      eprint         = "hep-ph/0603175",
      archivePrefix  = "arXiv",
      primaryClass   = "hep-ph",
      reportNumber   = "FERMILAB-PUB-06-052-CD-T, LU-TP-06-13",
      SLACcitation   = "%%CITATION = HEP-PH/0603175;%%",
}
@INCOLLECTION{nu2,
    author        = "Giunti, C. and Laveder, M.",
    title         = "Neutrino mixing",
    booktitle     = "Developments in Quantum Physics",
    editor        = "Columbus, F. and Krasnoholovets, V.",
    publisher     = "Nova Science Publishers, Inc.",
    eprint        = "hep-ph/0310238",
    archivePrefix = "arXiv",
    primaryClass  = "hep-ph",
    year          = "2004",
    isbn          = "1-59454-003-9"
}

%%%%%%%%%%%%%% samples %%%%%%%%%%%%%%%%%%%%
@article{bib:MADGRAPH,
      author         = "Alwall, J. and Frederix, R. and Frixione, S. and Hirschi, V. and Maltoni, F. and Mattelaer, O. and Shao, H. -S. and Stelzer, T. and Torrielli, P. and Zaro, M.",
      title          = "{The automated computation of tree-level and next-to-leading order differential cross sections, and their matching to parton shower simulations}",
      journal        = "JHEP",
      volume         = "07",
      year           = "2014",
      pages          = "079",
      doi            = "10.1007/JHEP07(2014)079",
      eprint         = "1405.0301",
      archivePrefix  = "arXiv",
      primaryClass   = "hep-ph",
      reportNumber   = "CERN-PH-TH-2014-064, CP3-14-18, LPN14-066, MCNET-14-09,
                        ZU-TH-14-14",
      SLACcitation   = "%%CITATION = ARXIV:1405.0301;%%"
}

@article{bib:PYTHIA,
      author         = "Sj{\"o}strand, Torbj{\"o}rn and Ask, Stefan and Christiansen, Jesper R. and Corke, Richard and Desai, Nishita and Ilten, Philip and Mrenna, Stephen and Prestel, Stefan and Rasmussen, Christine O. and Skands, Peter Z.",
      title          = "{An Introduction to PYTHIA 8.2}",
      journal        = "Comput. Phys. Commun.",
      volume         = "191",
      year           = "2015",
      pages          = "159-177",
      doi            = "10.1016/j.cpc.2015.01.024",
      eprint         = "1410.3012",
      archivePrefix  = "arXiv",
      primaryClass   = "hep-ph",
      reportNumber   = "LU-TP-14-36, MCNET-14-22, CERN-PH-TH-2014-190,
                        FERMILAB-PUB-14-316-CD, DESY-14-178, SLAC-PUB-16122",
      SLACcitation   = "%%CITATION = ARXIV:1410.3012;%%"
}

@article{Ball:2014uwa,
      author         = "Ball, Richard D. and others",
      title          = "{Parton distributions for the LHC Run II}",
      collaboration  = "NNPDF",
      journal        = "JHEP",
      volume         = "04",
      year           = "2015",
      pages          = "040",
      doi            = "10.1007/JHEP04(2015)040",
      eprint         = "1410.8849",
      archivePrefix  = "arXiv",
      primaryClass   = "hep-ph",
      reportNumber   = "EDINBURGH-2014-15, IFUM-1034-FT, CERN-PH-TH-2013-253,
                        OUTP-14-11P, CAVENDISH-HEP-14-11",
      SLACcitation   = "%%CITATION = ARXIV:1410.8849;%%"                                                                                                                                                     
}

@article{Nason:2004rx,
      author         = "Nason, Paolo",
      title          = "{A New method for combining NLO QCD with shower Monte Carlo algorithms}",
      journal        = "JHEP",
      volume         = "11",
      year           = "2004",
      pages          = "040",
      doi            = "10.1088/1126-6708/2004/11/040",
      eprint         = "hep-ph/0409146",
      archivePrefix  = "arXiv",
      primaryClass   = "hep-ph",
      reportNumber   = "BICOCCA-FT-04-11",
      SLACcitation   = "%%CITATION = HEP-PH/0409146;%%"
}

@article{Frixione:2007vw,
      author         = "Frixione, Stefano and Nason, Paolo and Oleari, Carlo",
      title          = "{Matching NLO QCD computations with Parton Shower simulations: the POWHEG method}",
      journal        = "JHEP",
      volume         = "11",
      year           = "2007",
      pages          = "070",
      doi            = "10.1088/1126-6708/2007/11/070",
      eprint         = "0709.2092",
      archivePrefix  = "arXiv",
      primaryClass   = "hep-ph",
      reportNumber   = "BICOCCA-FT-07-9, GEF-TH-21-2007",
      SLACcitation   = "%%CITATION = ARXIV:0709.2092;%%"
}

@article{Alioli:2010xd,
      author         = "Alioli, Simone and Nason, Paolo and Oleari, Carlo and Re, Emanuele",
      title          = "{A general framework for implementing NLO calculations in shower Monte Carlo programs: the POWHEG BOX}",
      journal        = "JHEP",
      volume         = "06",
      year           = "2010",
      pages          = "043",
      doi            = "10.1007/JHEP06(2010)043",
      eprint         = "1002.2581",
      archivePrefix  = "arXiv",
      primaryClass   = "hep-ph",
      reportNumber   = "DESY-10-018, SFB-CPP-10-22, IPPP-10-11, DCPT-10-22",
      SLACcitation   = "%%CITATION = ARXIV:1002.2581;%%"
}

@article{Frixione:2007nw,
      author         = "Frixione, Stefano and Nason, Paolo and Ridolfi, Giovanni",
      title          = "{A Positive-weight next-to-leading-order Monte Carlo for heavy flavour hadroproduction}",
      journal        = "JHEP",
      volume         = "09",
      year           = "2007",
      pages          = "126",
      doi            = "10.1088/1126-6708/2007/09/126",
      eprint         = "0707.3088",
      archivePrefix  = "arXiv",
      primaryClass   = "hep-ph",
      reportNumber   = "BICOCCA-FT-07-12, GEF-TH-19-2007",
      SLACcitation   = "%%CITATION = ARXIV:0707.3088;%%"
}

@article{Re:2010bp,
      author         = "Re, Emanuele",
      title          = "{Single-top Wt-channel production matched with parton showers using the POWHEG method}",
      journal        = "Eur. Phys. J.",
      volume         = "C71",
      year           = "2011",
      pages          = "1547",
      doi            = "10.1140/epjc/s10052-011-1547-z",
      eprint         = "1009.2450",
      archivePrefix  = "arXiv",
      primaryClass   = "hep-ph",
      reportNumber   = "IPPP-10-74, DCPT-10-148",
      SLACcitation   = "%%CITATION = ARXIV:1009.2450;%%"
}

@Article{mlm,
     author    = "Mangano, Michelangelo L. and Moretti, Mauro and Piccinini, Fulvio and Treccani, Michele",
     title     = "{Matching Matrix Elements and Shower Evolution for Top-Quark Production in Hadronic Collisions}",
     journal   = "JHEP",
     volume    = "01",
     year      = "2007",
     pages     = "013"
}

@article{Skands:2014pea,
      author         = "Skands, Peter and Carrazza, Stefano and Rojo, Juan",
      title          = "{Tuning PYTHIA 8.1: the Monash 2013 Tune}",
      journal        = "Eur. Phys. J.",
      volume         = "C74",
      year           = "2014",
      number         = "8",
      pages          = "3024",
      doi            = "10.1140/epjc/s10052-014-3024-y",
      eprint         = "1404.5630",
      archivePrefix  = "arXiv",
      primaryClass   = "hep-ph",
      reportNumber   = "CERN-PH-TH-2014-069, MCNET-14-08, OUTP-14-05P",
      SLACcitation   = "%%CITATION = ARXIV:1404.5630;%%"                                                                                                                                                     
}

@techreport{CMS-PAS-GEN-14-001,
  author      = "{CMS Collaboration}",
  collaboration = {CMS},
  type        = "CMS Physics Analysis Summary",
  number =        {CMS-PAS-GEN-14-001},
  title =         {{Underlying Event Tunes and Double Parton Scattering}},
  year =          {2014},
  url =           {http://cds.cern.ch/record/1697700},
}
@article{Agostinelli:2002hh,
      author         = "Agostinelli, S. and others",
      title          = "{GEANT4: A Simulation toolkit}",
      collaboration  = "GEANT4",
      journal        = "Nucl. Instrum. Meth.",
      volume         = "A506",
      year           = "2003",
      pages          = "250-303",
      doi            = "10.1016/S0168-9002(03)01368-8",
      reportNumber   = "SLAC-PUB-9350, FERMILAB-PUB-03-339",
      SLACcitation   = "%%CITATION = NUIMA,A506,250;%%"                                                                                                                                                      
}



@article{Ellis:2009su,
      author         = "Ellis, Stephen D. and Vermilion, Christopher K. and Walsh, Jonathan R.",
      title          = "{Techniques for improved heavy particle searches with jet substructure}",
      journal        = "Phys. Rev. D",
      volume         = "80",
      year           = "2009",
      pages          = "051501",
      doi            = "10.1103/PhysRevD.80.051501",
      eprint         = "0903.5081",
      archivePrefix  = "arXiv",
      primaryClass   = "hep-ph",
      SLACcitation   = "%%CITATION = ARXIV:0903.5081;%%"                                                                                                                        
}


@inproceedings{Wobisch:1998wt,
      author         = "Wobisch, M. and Wengler, T.",
      title          = "{Hadronization corrections to jet cross-sections in deep inelastic scattering}",
      booktitle      = "{Monte Carlo generators for HERA physics. Proceedings, Workshop, Hamburg, Germany, 1998-1999}",
      url            = "http://inspirehep.net/record/484872/files/arXiv:hep-ph_9907280.pdf",
      year           = "1998",
      eprint         = "hep-ph/9907280",
      archivePrefix  = "arXiv",
      primaryClass   = "hep-ph",
      reportNumber   = "PITHA-99-16",
      SLACcitation   = "%%CITATION = HEP-PH/9907280;%%"                                                                                                                         
}



@article{softdrop,
      author         = "Larkoski, Andrew J. and Marzani, Simone and Soyez, Gregory and Thaler, Jesse",
      title          = "{Soft Drop}",
      journal        = "JHEP",
      volume         = "05",
      year           = "2014",
      pages          = "146",
      doi            = "10.1007/JHEP05(2014)146",
      eprint         = "1402.2657",
      archivePrefix  = "arXiv",
      primaryClass   = "hep-ph",
      reportNumber   = "MIT-CTP-4531, DCPT-14-24, IPPP-14-12",
      SLACcitation   = "%%CITATION = ARXIV:1402.2657;%%"
}

@article{ATLASCMS-DM,
      author         = "Abercrombie, Daniel and others",
      editor         = "Boveia, Antonio and Doglioni, Caterina and Lowette,
                        Steven and Malik, Sarah and Mrenna, Stephen",
      title          = "{Dark Matter Benchmark Models for Early LHC Run-2
                        Searches: Report of the ATLAS/CMS Dark Matter Forum}",
      year           = "2015",
      eprint         = "1507.00966",
      archivePrefix  = "arXiv",
      primaryClass   = "hep-ex",
      reportNumber   = "FERMILAB-PUB-15-282-CD",
      SLACcitation   = "%%CITATION = ARXIV:1507.00966;%%"                                                                                                                       
}

